2790 4792
163 233 226 297 170
311 232 343 299 Q.
363 232 473 287 CURTI
490 231 577 286 RUFI
594 231 848 287 HISTORIARUM
865 230 1081 286 ALEXANDRI
1098 230 1145 298 IV,
1166 237 1207 285 16.

160 399 193 460 et
224 415 342 481 magno
374 395 508 460 consilio
545 395 702 459 iacturam
739 394 935 458 sarcinarum
971 393 1325 478 inpedimentorumque

159 483 365 567 contempsit,
396 505 470 548 cum
496 483 531 547 in
557 483 628 568 ipsa
655 483 722 547 acie
746 505 889 547 summae
911 482 957 546 rei
979 482 1101 546 videret
1122 503 1192 546 esse
1215 482 1325 546 discri—

158 594 245 655 men,
281 572 441 657 dnbioque
473 572 576 636 adhuc
607 592 734 656 pugnae
766 575 882 636 eventu
915 592 972 655 pro
1009 571 1129 635 victore
1154 592 1187 634 se
1211 571 1325 655 gessit:

103 683 140 733 29
158 662 322 745 perculsos
345 661 458 725 deinde
480 660 623 726 hostium
645 659 741 743 fudit,
763 660 938 744 fugientes,
967 659 1051 743 quod
1074 658 1109 723 in
1131 658 1187 723 illo
1212 660 1325 724 ardore

159 750 259 814 animi
280 750 334 814 vix
356 749 441 813 credi
463 752 578 833 potest,
601 748 787 831 prudentius
808 771 905 833 quam
924 748 1049 827 avidius
1064 750 1249 830 persecutus
1268 753 1325 812 est.

102 860 140 908 30
157 836 244 903 Nam
267 838 295 902 si
317 841 409 921 parte
431 837 588 902 exercitus
611 837 714 901 adhuc
736 837 771 900 in
788 837 856 901 acie
875 839 982 901 stante
999 837 1120 900 instare
1139 837 1325 901 cedentibus

157 929 406 1011 perseverasset,
439 928 495 990 aut
526 927 620 1008 culpa
650 947 708 989 sua
738 926 842 990 victus
874 929 959 990 esset
991 928 1047 989 aut
1074 925 1179 989 aliena
1205 925 1325 990 virtute

157 1015 294 1081 vicisset.
334 1013 405 1078 Iam
429 1015 457 1078 si
479 1013 715 1078 multitudinem
738 1014 881 1098 equitum
905 1014 1139 1079 occurrentium
1163 1014 1324 1078 extimuis-

160 1107 221 1186 set,
252 1103 367 1167 victori
397 1106 453 1167 aut
478 1101 570 1168 foede
599 1103 786 1187 fugiendum
813 1106 869 1167 aut
898 1102 1123 1167 miserabiliter
1149 1102 1324 1166 cadendum

86 1213 138 1261 231
157 1191 227 1256 fuit.
271 1190 322 1256 Ne
353 1192 450 1256 duces
482 1192 609 1276 quidem
640 1191 804 1275 copiarum
836 1213 893 1256 sua
918 1191 1012 1255 laude
1039 1190 1208 1255 fraudandi
1236 1195 1341 1255 suntz·

5 1358 8 1363 Ι
159 1281 276 1364 quippe
308 1282 454 1363 vulnera,
491 1302 572 1365 quae
605 1279 739 1364 quisque
767 1284 903 1364 excepit,
938 1280 1057 1344 indicia
1084 1280 1212 1344 virtutis
1240 1285 1324 1343 sunt.

101 1390 139 1438 32
157 1368 408 1452 Hephaestionis
437 1369 603 1433 brachium
630 1369 725 1433 hasta
750 1369 851 1433 ictum
877 1371 940 1452 est,
971 1368 1122 1433 Perdicca
1145 1372 1178 1433 et
1200 1367 1324 1433 Coenos

101 1479 139 1527 33
158 1461 190 1521 ct
211 1457 357 1522 Menidas
380 1458 507 1542 sagittis
529 1478 630 1542 prope
653 1457 759 1522 occisi.
802 1455 856 1542 Et,
882 1458 907 1521 si
931 1478 1004 1521 vere
1028 1457 1197 1521 aestimare
1220 1456 1324 1521 Macc-

158 1546 272 1629 donas,
304 1546 359 1630 qui
385 1549 463 1610 tunc
491 1549 596 1629 erant,
627 1547 789 1630 volumus,
820 1546 992 1611 fatebimur
1019 1549 1052 1610 et
1073 1567 1181 1630 regem
1204 1546 1323 1610 talibus

157 1634 313 1699 ministris
337 1638 369 1699 et
390 1634 464 1700 illos
486 1638 578 1700 tanto
600 1656 676 1720 rege
697 1634 798 1700 fuisse
821 1635 1037 1719 dignissimos.

193 1833 235 1883 30.
258 1828 294 1881 iu
312 1829 523 1894 coiectante,
550 1826 604 1881 mit
620 1829 713 1897 Bezug
802 1833 845 1881 33.
864 1826 906 1896 et,
922 1844 989 1882 vcra
1032 1827 1235 1882 emeinemd=
1247 1826 1323 1880 ‘und

157 1897 208 1953 anf
219 1903 242 1964 §-
254 1905 295 1967 19,
310 1897 712 1963 wiececwrrcoticmanf5.24.
766 1898 981 1968 iiberhanpt’.
1039 1897 1117 1953 ‚das
1139 1898 1268 1968 Register
1291 1916 1324 1950 zu

9 2034 17 2041 ,
134 1997 137 2001 <
192 1975 235 2026 31.
249 1969 505 2038 Ne...quc'dem,
524 1969 712 2034 s.Einl.§.49.
766 1969 821 2023 den
845 1969 1062 2039 Anmerkungen
1087 1970 1170 2023 unter
1195 1975 1232 2037 et,
1265 1985 1323 2037 que,

155 2040 334 2095 Ucbersetze:
367 2040 434 2094 aber
457 2040 712 2095 esdarfauch...
767 2045 853 2109 atquc.
882 2069 915 2079 —
947 2041 1004 2109 qui
1026 2045 1104 2095 tunc
1128 2045 1224 2093 eraut
1243 2065 1277 2085 =
1297 2037 1326 2092 οἱ

153 2109 712 2180 nichtdiewchlverdiente‚gcbdhrende
765 2105 837 2181 τότε,
866 2110 907 2164 im
929 2110 1085 2181 Gegensata
1107 2129 1141 2164 zu
1159 2110 1212 2165 den
1231 2109 1323 2164 Mace·

155 2180 363 2252 Anerkennung
380 2181 577 2236 vorenthalten
592 2181 711 2237 werden.
766 2180 880 2236 dcniem
894 2181 942 2236 des
952 2180 1254 2236 Diadochenzeitalters
1265 2182 1323 2235 und

192 2258 234 2307 32.
263 2251 558 2320 Hephaestionis.
608 2252 713 2308 Diodor
766 2252 815 2307 der
839 2252 956 2308 Periode
984 2252 1033 2308 der
1059 2253 1216 2308 rbmischen
1240 2252 1324 2306 Herr-

152 2324 243 2377 nennt
260 2322 403 2378 dieselben
420 2322 634 2380 Verwundeten.
766 2323 857 2378 schaft
875 2323 939 2393 (seit
957 2326 1028 2392 146).
