2790 4792
312 226 571 283 HISTORIARUM
588 228 805 284 ALEXANDRI
823 229 898 301 VIII,
916 237 941 286 4.
961 239 986 286 5.
1175 233 1238 298 123

62 393 166 468 retur,
188 389 343 473 ignobilis
366 389 414 454 ita
437 391 557 455 effusus
581 395 646 474 est,
670 395 706 455 ut
728 392 850 457 diceret
873 392 912 456 ad
938 393 1168 459 stabiliendum
1189 417 1239 460 re-

63 499 164 562 gnum
188 478 365 561 pertinere,
388 478 503 544 Persas
527 482 559 542 et
582 479 777 544 Macedones
801 481 940 546 conubio
964 482 1069 566 iungi:
1093 482 1156 548 hoc
1174 505 1237 548 uno

61 566 157 631 modo
182 571 215 630 et
237 567 393 650 pudorem
411 567 506 632 victis
530 572 563 631 et
584 569 771 652 superbiam
790 569 968 634 victoribus
987 569 1116 635 detrahi
1134 593 1239 655 posse.

61 655 225 719 Achillem
254 676 394 739 quoque,
426 677 446 719 a
474 678 537 740 quo
565 677 667 740 genus
695 657 765 740 ipse
794 657 978 742 deduceret,
1010 680 1083 723 oum
1111 661 1239 743 captiva
1257 674 1291 722 26

62 744 175 808 coisse.
215 742 266 808 Ne
285 744 399 808 inferri
418 744 509 808 nefas
529 745 714 829 arbitretur,
737 746 829 810 illam
848 747 1048 811 matrimonii
1066 749 1136 812 iure
1154 749 1239 813 velle

61 833 162 917 iungi.
207 832 378 916 Insperato
407 832 525 917 gaudio
555 834 661 898 laetus
689 836 784 917 pater
812 856 994 900 sermonem
1017 837 1086 901 eius
1110 836 1237 920 excipit.
1257 851 1290 898 27

61 921 106 985 Et
133 943 189 985 rex
218 922 251 984 in
279 921 385 985 medio
409 921 596 1004 cupiditatis
621 922 734 986 ardore
757 922 853 987 iussit
875 924 995 988 adferri
1017 925 1125 1008 patrio
1148 947 1237 990 more

61 1031 178 1093 panem
202 1046 244 1056 -
268 1009 330 1073 hoc
358 1013 428 1073 erat
456 1010 540 1093 apud
563 1009 758 1075 Macedonas
786 1012 1029 1077 sanctissimum
1053 1014 1238 1078 coeuntium

61 1098 194 1181 pignus,
221 1135 258 1143 —
285 1120 380 1181 quem
405 1098 546 1163 divisum
570 1099 681 1182 gladio
705 1104 842 1183 uterque
864 1101 998 1166 libabat.
1044 1099 1148 1166 Credo
1172 1123 1237 1185 eos,
1256 1113 1289 1163 28

62 1187 119 1269 qui
141 1187 247 1269 gentis
265 1207 371 1251 mores
391 1186 612 1272 condiderunt,
634 1209 734 1271 parco
754 1192 787 1253 et
804 1189 945 1272 parabili
962 1191 1051 1254 victu
1069 1189 1237 1254 ostendere
1257 1199 1261 1204 “

61 1274 204 1338 voluisse
236 1275 445 1359 iungentibus
479 1296 571 1359 opes,
604 1277 762 1360 quantulo
796 1279 940 1343 contenti
972 1299 1042 1343 esse
1074 1278 1237 1343 deberent.

61 1362 132 1426 Hoc
155 1364 250 1427 modo
274 1362 451 1428 rex‘Asiae
476 1368 509 1429 et
527 1364 677 1448 Europae
700 1365 918 1431 introductam
943 1367 1029 1430 inter
1052 1367 1237 1431 convivales
1255 1379 1289 1428 26

60 1451 154 1515 ludos
177 1452 386 1517 matrimonio
410 1452 474 1517 sibi
498 1452 654 1536 adiunxit,
678 1455 842 1537 ecaptiva
861 1455 1039 1539 geniturus,
1064 1455 1118 1539 qui
1136 1455 1237 1519 victo·

59 1540 150 1604 rib'us
173 1541 358 1623 imperaret.
403 1539 552 1606 Pudebat
576 1542 712 1625 amicos,
740 1564 837 1625 super
859 1543 972 1607 vinum
995 1545 1029 1607 et
1052 1543 1164 1626 epulas
1187 1556 1236 1608 so·
1255 1556 1289 1604 30

59 1650 169 1693 cerum
193 1651 231 1693 ex
254 1629 371 1694 deditis
395 1651 466 1694 esse
490 1628 662 1694 delectum:
695 1630 751 1694 sed
778 1633 853 1713 post
876 1629 956 1694 Oliti
979 1631 1110 1696 caedem
1138 1632 1237 1696 liber-

59 1722 128 1781 tate
152 1718 283 1805 sublata
303 1719 411 1802 vultu,
436 1719 492 1802 qui
514 1719 655 1782 maxime
678 1718 795 1800 servit,
819 1719 1094 1784 adsentiebantur.

577 1893 656 1959 Gur.
679 1894 718 1960 V.

10 2022 46 2084 17
149 2017 301 2083 Ceterum
328 2017 455 2082 Indiam
483 2021 516 2082 et
542 2018 616 2083 inde
644 2016 808 2083 Oceanum
835 2019 1009 2102 petiturus,
1041 2039 1081 2082 ne
1110 2018 1189 2102 quid
1217 2032 1270 2082 a1

57 2111 166 2192 tergo,
190 2106 277 2190 quod
300 2106 463 2171 destinata
485 2106 630 2190 inpedire
653 2111 777 2191 posset,
801 2111 999 2192 moveretur,
1023 2129 1062 2172 ex
1085 2107 1235 2172 omnibus

57 2197 232 2280 provinciis
256 2214 331 2260 xxx
354 2196 444 2260 milia
466 2195 630 2260 iuniorum
653 2195 719 2281 legi
741 2195 837 2261 iussit
857 2201 890 2260 et
909 2196 950 2260 ad
970 2217 1004 2261 se
1022 2198 1148 2260 armata
1166 2218 1236 2280 per·

59 2285 141 2366 duci,
165 2284 293 2349 obsides
318 2285 415 2348 simul
437 2283 609 2348 habiturus
634 2289 667 2349 et
689 2284 820 2349 milites.
867 2282 1037 2350 Craterum
1061 2289 1170 2349 autem
1194 2283 1235 2347 ad
1254 2298 1270 2345 2

58 2373 297 2457 persequendos
326 2372 519 2436 Haustanen
546 2377 579 2437 et
602 2372 761 2456 Oatenen,
789 2374 846 2457 qui
873 2373 914 2439 ab
942 2375 1015 2457 ipso
1043 2372 1235 2456 defecerant,

58 2555 165 2611 retur,
194 2549 301 2615 potent.
328 2548 448 2616 praeter.
472 2546 526 2599 wie
547 2553 571 2601 7.
593 2551 617 2601 1.
673 2562 757 2600 unser
774 2545 934 2601 Ausdruck:
957 2546 1057 2602 einen
1074 2545 1237 2601 Hausstand

59 2625 101 2673 22.
122 2649 156 2658 -
175 2619 320 2684 effusas,
338 2617 395 2686 vgl.
415 2617 496 2684 effusi
513 2618 546 2671 ia
568 2615 618 2671 Ve·
674 2615 808 2685 grunden.

57 2706 148 2744 aerarii
180 2689 241 2744 Liv.
270 2695 313 2743 29.
337 2693 380 2742 23.
404 2694 437 2755 43
464 2689 496 2742 ia
523 2689 619 2742 cirrum
709 2692 752 2740 29.
765 2688 856 2741 irater
870 2703 958 2742 coac.
974 2687 1078 2742 iudos.
1099 2685 1234 2740 Derselbe

59 2760 135 2815 Curi.
155 2765 179 2814 5.
202 2766 224 2813 1.
244 2765 286 2814 3⁷.
310 2788 346 2799 ——
368 2760 482 2828 irraci-
507 2775 537 2813 so
557 2773 619 2812 ver·
673 2756 820 2811 Auedruch
843 2763 869 2813 6.
893 2764 918 2812 2.
938 2764 962 2812 6.
991 2788 1025 2798 -
1053 2757 1235 2825 coaptioa.

57 2831 172 2886 bunden
193 2831 247 2884 mit
268 2831 438 2885 matrimonii
461 2830 522 2884 iure
540 2833 555 2894 6
575 2833 619 2896 26,
673 2827 738 2897 Vgl.
763 2834 902 2884 16611
931 2845 1034 2883 aarum
1060 2828 1236 2883 matrimonio

57 2902 112 2957 mit
134 2902 308 2956 matrimonio
334 2906 375 2955 10.
397 2906 422 2954 3.
444 2905 485 2955 11.
509 2929 543 2940 -
566 2901 619 2954 de·
673 2899 759 2952 iunxi
780 2915 837 2954 aon
859 2900 1023 2968 dediyaatuu
1041 2915 1055 2954 e
1074 2899 1185 2968 captiua
1204 2899 1235 2965 (i.

57 2974 177 3039 trabi,
208 2972 295 3042 vergi.
329 2971 396 3026 Sall.
429 2987 468 3026 or.
500 2969 573 3024 Phil.
603 2976 619 3024 3
673 2987 694 3024 e.
713 2969 842 3037 Roxane)
861 2971 959 3025 liberos
976 2971 1076 3026 toliere.

57 3045 220 3112 diarritotem
246 3043 336 3108 uobis,
368 3043 413 3096 iili
438 3046 538 3096 matura
565 3042 620 3096 de·
710 3041 1234 3110 eu.saperotaamwiee.11.ar

58 3115 160 3169 trabi.
674 3127 756 3180 sapa
768 3129 871 3169 ceram.
885 3143 922 3152 -
935 3113 994 3181 qai
1011 3112 1154 3166 maxime
1167 3125 1235 3165 aer-

95 3191 137 3239 26.
152 3200 255 3253 araur
270 3185 340 3252 ipre
354 3184 542 3248 deduceret,
557 3199 578 3236 a.
594 3187 619 3239 4.
674 3183 736 3248 ait,
759 3182 952 3237 discredis
970 3186 1016 3236 ast.
1058 3180 1110 3234 Die
1134 3180 1235 3234 Bitter·

59 3262 85 3310 6.
104 3261 147 3312 29.
166 3285 200 3294 -
219 3256 338 3321 coiere,
360 3254 447 3308 habe
467 3252 621 3322 Umgaug
674 3246 736 3307 keit
758 3252 808 3306 der
825 3252 977 3322 Wendung
998 3251 1036 3306 iat
1057 3249 1137 3305 nicht
1154 3251 1235 3305 uber-

58 3326 254 3396 gepflogen.
290 3323 419 3379 Gemeint
441 3323 480 3376 iat
497 3323 543 3377 die
561 3323 621 3377 Bri·
674 3322 813 3378 rasohend
838 3322 884 3378 bei
908 3323 1000 3378 einem
1024 3320 1235 3391 Schrilteteller,

59 3397 122 3452 seis.
137 3428 172 3436 —
186 3397 390 3462 arbitretur,
407 3393 494 3448 ntml.
511 3392 620 3464 anar·
674 3392 725 3447 der
755 3395 838 3448 unter
865 3392 993 3447 Tiberius
1019 3392 1078 3446 und
1105 3390 1236 3461 Caligula

58 3475 105 3523 tes.
117 3498 150 3507 —
161 3467 202 3521 Zu
219 3467 318 3536 iuraui
333 3467 473 3521 istratum
487 3465 619 3533 (6.6.12;
673 3462 771 3533 gelebt
787 3463 875 3519 hatte.
911 3463 1094 3519 Uebereetaei
1109 3463 1235 3532 wenig-

60 3544 102 3592 10.
123 3544 147 3592 3.
168 3542 212 3605 11)
232 3556 266 3592 zu
284 3540 429 3606 ergtnaen.
674 3537 768 3588 siens
798 3533 829 3588 in
861 3537 1001 3589 stammen
1032 3535 1145 3589 Mienen
1177 3533 1236 3588 und

95 3615 138 3663 27.
158 3610 346 3663 coeaatirrm
359 3605 619 3678 6696665861-
674 3605 833 3673 Gaberdem
859 3604 994 3676 Gegania
1022 3605 1112 3661 offena
1135 3603 1235 3660 Liebe·

58 3681 106 3734 bol
130 3681 175 3733 bei
195 3680 244 3734 der
262 3679 498 3748 Eheeohlieesung
515 3678 618 3745 (coire).
674 3675 798 3731 dienerei
811 3675 841 3731 in
854 3677 980 3733 Worten.
1014 3678 1106 3732 Ueber
1125 3677 1236 3731 libertae

58 3781 94 3791 -
110 3756 263 3819 aterque,
282 3750 307 3807 d.
321 3750 341 3804 i.
352 3749 433 3820 jeder
446 3749 497 3803 der
510 3747 557 3804 bei
570 3747 621 3803 der
674 3772 708 3793 ==
727 3743 882 3818 παόρησία,
900 3748 958 3818 vgl.
978 3754 1003 3804 6.
1024 3754 1065 3802 12.
1086 3753 1127 3801 16.

58 3823 141 3876 coitio
160 3821 355 3890 Betheiligten.
376 3850 410 3860 -
433 3819 560 3875 Libare
582 3817 621 3873 iet

59 3892 218 3946 feierlioher
241 3891 389 3946 Ausdruck
411 3889 457 3945 fur
480 3891 570 3957 edere,
598 3907 619 3943 e.
808 3928 809 3932 ,
899 3868 963 3926 Off·
982 3870 1015 3969 V.

59 3965 282 4019 oben5.2.15.
711 3963 735 4014 1.
750 3960 934 4028 petiturae.
971 3956 1234 4012 Dreron5.1-8.

95 4038 139 4088 28.
153 4028 551 4097 condideruat=ideaar3
562 4028 620 4099 vgl.
675 4035 709 4084 28
728 4029 873 4085 erzbhlten
891 4027 1050 4108 lireigniere
1068 4027 1164 4094 fallen,
1181 4027 1235 4083 wie

58 4105 105 4159 die
125 4103 294 4159 claeeischen
311 4104 437 4159 Phraeen
453 4102 532 4166 iura,
553 4102 621 4170 baar
674 4100 750 4156 wohl
773 4099 911 4156 ebeufellr
933 4099 979 4152 die
1002 4097 1145 4153 fererliehe
1166 4097 1234 4152 Ver·

59 4177 179 4232 cordae.
221 4173 316 4244 Vergl.
344 4172 477 4242 ubrtgens
506 4177 530 4226 6.
554 4177 579 4225 2
603 4177 620 4225 6
674 4169 811 4239 mthlung
828 4168 882 4224 mit
895 4169 1018 4236 Roxane,
1035 4167 1066 4222 in
1079 4168 1134 4223 dea
1147 4168 1235 4223 Frtih·

57 4263 145 4316 poroo
162 4251 188 4300 et
202 4247 330 4314 parabili
347 4245 422 4299 aicta
439 4242 497 4297 und
515 4248 541 4296 6.
559 4245 585 4297 t.
603 4246 619 4295 2
673 4241 735 4311 ling
754 4246 816 4308 82⁷,
834 4239 889 4295 den
907 4239 986 4295 Alex.
1004 4238 1078 4294 nach
1091 4238 1192 4294 Arriae
1205 4238 1235 4294 iu

59 4319 113 4372 leui
135 4322 160 4372 et
182 4316 311 4385 parabili
333 4314 560 4382 tornamparte.
585 4341 619 4351 -
673 4312 777 4367 Bactra
796 4310 928 4366 verlebte.

59 4387 279 4460 iauaeutibau
301 4400 384 4456 oper.
421 4384 560 4441 Aehnlioh
582 4380 621 4439 iet
709 4387 734 4436 2.
754 4378 1172 4451 Haustaaerretdateuea,
1188 4380 1235 4436 die
