2790 4792
381 195 638 252 HISTORIARUM
657 197 875 252 ALEXANDRI
892 198 982 266 VIIII,
1000 205 1025 253 4.
1046 205 1069 254 5.
1251 199 1315 264 183

134 359 316 442 excepturi:
338 380 411 422 oum
429 358 487 422 ille
505 381 575 423 rem
593 381 690 424 ausus
709 363 759 424 est
777 360 1001 425 incredibilem
1020 362 1117 444 atque
1135 360 1317 426 inauditam

136 448 305 530 multoque
325 448 429 530 magis
449 447 489 511 ad
512 448 635 512 famam
654 450 849 514 temeritatis
869 471 966 533 quam
986 449 1125 532 gloriam
1143 449 1316 533 insignem.

137 537 288 621 Namque
312 537 346 599 in
369 535 482 600 urbem
510 536 655 603 hostium
681 537 813 620 plenam
838 537 1007 621 praecipiti
1031 537 1117 601 saltu
1143 538 1316 622 semetipse
1335 559 1367 608 a·

138 625 288 708 immisit,
321 647 394 689 cum
425 624 480 688 vix
509 647 638 708 sperare
669 629 793 710 posset,
826 626 1035 690 dimicantem
1067 628 1153 690 certe
1185 631 1220 690 et
1250 649 1318 691 non

138 715 280 779 inultum
300 735 369 777 esse
387 713 595 779 moriturum:
618 715 738 799 quippe
758 718 931 799 antequam
950 714 1154 797 adsurgeret,
1176 716 1317 799 opprimi

138 805 269 886 poterat
293 804 326 865 et
349 803 421 885 capi
447 801 549 866 virus.
596 801 658 867 Sed
685 802 771 868 forte
793 804 840 867 ita
863 802 1041 867 libraverat
1064 823 1195 886 corpus,
1222 807 1259 868 ut
1283 825 1351 873 ses

139 891 275 974 pedibus
300 891 469 974 exciperet.
509 891 624 974 Itaque
648 895 738 955 stans
761 892 824 957 init
846 911 990 975 pugnam
1014 894 1059 973 et,
1086 913 1127 956 ne
1154 892 1318 956 circumiri

139 983 264 1063 posset,
287 979 421 1043 fortuna
442 980 639 1062 providerat.
687 978 826 1045 Vetusta
853 979 950 1045 arbor
973 980 1060 1044 haud
1088 981 1200 1062 procul
1223 1002 1316 1045 muro
1336 1003 1354 1048 4

139 1088 249 1131 ramos
273 1068 379 1133 multa
406 1067 520 1133 fronde
548 1069 685 1133 vestitos
713 1070 802 1133 velut
826 1069 865 1133 de
892 1068 1052 1133 industria
1074 1088 1184 1152 regem
1212 1071 1319 1151 prote·

137 1158 254 1240 gentes
283 1157 460 1221 obiecerat:
487 1156 583 1222 huius
612 1158 757 1241 spatioso
792 1158 897 1241 stipiti
925 1178 1040 1240 corpus
1072 1158 1126 1237 [ne
1154 1157 1317 1221 circumiri

141 1247 265 1326 posset]
296 1245 464 1328 adplicuit,
494 1246 598 1329 clipeo
626 1246 706 1330 tela,
739 1266 820 1329 quae
835 1268 887 1316 ¹ex
916 1246 1056 1311 adverso*
1077 1245 1318 1330 ingerebantur,

142 1333 313 1416 excipiens.
359 1333 446 1398 Nam
469 1353 542 1398 cum
564 1355 666 1398 unum
688 1335 801 1418 procul
823 1337 876 1400 tot
897 1356 1013 1399 manus
1037 1337 1197 1418 peterent,
1223 1354 1353 1403 nemos

140 1425 253 1485 tamen
282 1422 422 1486 audebat
448 1424 583 1506 propius
611 1424 774 1488 accedere:
805 1424 944 1488 missilia
969 1425 1070 1488 ramis
1097 1424 1192 1506 plura
1220 1445 1318 1506 quam

140 1511 245 1595 clipeo
263 1511 459 1576 incidebant.
491 1511 664 1596 Pugnabat
681 1533 741 1595 pro
754 1531 832 1594 rege
851 1513 992 1595 primum
1008 1512 1162 1576 celebrati
1175 1511 1318 1576 nominis
1338 1533 1354 1581 e

141 1600 244 1682 fama,
272 1599 386 1664 deinde
409 1600 608 1685 desperatio,
634 1621 789 1685 magnum
812 1600 853 1664 ad
880 1599 1017 1665 honeste
1041 1600 1241 1666 moriendum
1269 1600 1319 1663 in-

140 1688 364 1752 citamentum.
406 1686 467 1753 Sed
491 1710 564 1752 cum
583 1688 719 1753 subinde
741 1688 847 1753 hostis
872 1688 1039 1772 adflueret,
1062 1690 1130 1754 iam
1152 1689 1317 1774 ingentem
1339 1710 1353 1759 τ

141 1777 208 1839 vim
231 1777 372 1840 telorum
401 1781 572 1861 exceperat
598 1778 716 1859 clipeo,
745 1777 812 1840 ianr
835 1777 963 1862 galeam
986 1799 1065 1841 saxa
1086 1777 1320 1862 perfregerant,

142 1865 209 1927 iam
232 1867 384 1930 continuo
412 1867 525 1930 labore
553 1871 690 1950 marrata
718 1885 824 1950 genua
848 1865 1058 1930 succiderant.
1102 1864 1217 1950 Itaque
1245 1885 1354 1934 con-8

142 1953 293 2035 temptim
313 1957 347 2018 et
365 1955 494 2019 incaute
513 1956 569 2038 qui
586 1954 727 2038 proximi
746 1957 904 2018 steterant
924 1954 1142 2018 incurrerunt:
1166 1975 1183 2017 e
1202 1955 1319 2037 quibus

144 2041 223 2104 duos
243 2042 351 2124 gladio
370 2043 418 2106 ita
437 2044 576 2126 excepit,
595 2046 633 2107 ut
652 2045 734 2107 ante*
750 2042 857 2126 ipsum
877 2043 1041 2107 exanimes
1060 2042 1319 2126 procumberent.

142 2128 175 2192 N
177 2150 211 2192 ec
226 2131 376 2213 cuiquam
394 2132 507 2195 deinde
525 2132 659 2215 propius
678 2131 861 2196 incessendi
875 2153 948 2195 eum
966 2130 1094 2195 animus
1113 2130 1188 2195 fuit:
1206 2131 1319 2215 procul

85 2219 132 2284 20
143 2218 250 2282 iacula
278 2219 480 2304 sagittasque
508 2219 693 2284 mittebant.
742 2218 804 2283 Ille
832 2219 872 2284 ad
900 2240 1011 2284 omnes
1039 2219 1123 2284 ictus
1154 2219 1354 2304 expositusa

141 2328 208 2369 non
232 2327 327 2391 aegre
350 2312 461 2372 tamen
484 2312 652 2392 exceptum
674 2307 854 2392 poplitibus
878 2329 994 2390 corpus
1020 2308 1187 2391 tuebatur,
1218 2307 1320 2373 donec

142 2392 242 2459 Indus
268 2396 405 2460 duorum
429 2397 613 2461 cubitorum
637 2397 793 2481 sagittam
813 2433 852 2442 -
873 2418 1013 2480 namque
1036 2394 1140 2480 Indis,
1163 2399 1201 2460 ut
1224 2399 1320 2460 antea

139 2483 295 2567 diximus,
318 2484 416 2548 huius
439 2485 675 2568 magnitudinis
699 2485 841 2568 sagittae
861 2488 954 2548 erant
972 2519 1014 2530 —
1033 2484 1082 2548 ita
1105 2484 1259 2567 excussit,
1282 2489 1320 2549 ut

141 2593 201 2655 per
232 2572 399 2637 thoracem
435 2573 568 2657 paulum
600 2595 696 2656 super
733 2573 820 2637 latus
855 2572 1004 2637 dextrum
1036 2572 1196 2657 infigeret.
1247 2571 1317 2648 Quo
1339 2591 1372 2639 10

172 2678 196 2734 Ι

138 2797 252 2879 eberiso·
265 2804 289 2851 6.
311 2805 333 2852 1.
349 2805 373 2855 4.
390 2830 422 2839 -
438 2816 533 2868 qnam
551 2800 702 2869 gloriam.
755 2799 830 2854 noch
839 2798 1016 2870 lebendige13
1031 2799 1144 2854 ahnlich
1155 2805 1180 2853 9.
1193 2803 1225 2853 19
1235 2798 1320 2853 ualles

140 2868 322 2922 Natdrhcher
344 2874 418 2925 ware
445 2887 540 2940 qnam
566 2871 608 2926 ad
634 2871 703 2939 plo·
755 2871 940 2926 subsederant.
969 2901 1002 2911 -
1030 2887 1069 2924 ne
1095 2871 1171 2924 cire.
1198 2874 1317 2938 posset.

141 2940 243 3004 sacrm
262 2939 333 2993 doeh
351 2940 442 2996 bleibt
459 2940 499 2995 im
513 2942 704 3013 abgekdraten
756 2941 907 2996 Dieselben
924 2939 1023 2997 Worte
1044 2941 1132 2996 sehon
1154 2945 1169 3005 5
1189 2946 1213 2994 3.
1249 2938 1320 2995 Hier

142 3009 442 3079 Vergleiohungssatne
457 3012 503 3067 die
517 3012 703 3084 Prapositiom
757 3011 819 3066 sind
847 3011 887 3066 sie
915 3012 992 3067 wohl
1019 3031 1053 3066 zu
1078 3010 1226 3066 streiehen.
1265 3010 1319 3066 Die

139 3082 503 3221 translatas?
520 3084 704 3210 trahet*
757 3080 1246 3208 ttrtttrbsrntttttr
1262 3098 1320 3206 tt

141 3221 203 3276 civ.
227 3228 269 3276 sc.
295 3229 337 3277 rs.
359 3196 405 3290 11’;
430 3197 634 3280 maticensi
655 3196 705 3278 uor’
757 3223 866 3278 samm
883 3195 941 3278 uta
960 3224 1005 3277 ere
1024 3223 1117 3277 unser
1133 3221 1193 3275 ram
1212 3221 1319 3276 sesne-

142 3292 416 3364 Entgegenstellung
447 3311 503 3349 von
537 3296 614 3363 fama
645 3294 703 3350 und
756 3294 830 3348 liehe
862 3293 967 3349 Macer.
1017 3293 1112 3356 Etwas
1145 3292 1245 3346 anders
1277 3308 1319 3347 sr-

140 3364 233 3432 910010
255 3365 312 3434 vgl.
337 3368 361 3418 8.
387 3372 409 3418 1.
437 3370 466 3432 13
490 3372 514 3419 9.
541 3371 581 3419 10.
606 3371 702 3420 01.-
757 3363 858 3418 zahlen
866 3363 966 3418 Anien
979 3361 1153 3418 undDiodor
1166 3361 1319 3418 dasAben·

141 3436 316 3503 insignem.
350 3435 377 3489 S.
396 3442 422 3490 4.
437 3441 462 3490 4.
479 3441 511 3489 19
530 3436 704 3505 insignisset
757 3437 846 3489 tener.
1226 3431 1237 3439 ”

141 3507 306 3561 memoriam.
794 3510 819 3559 7.
839 3505 1008 3572 adtineret
1030 3505 1056 3558 d.
1078 3504 1096 3560 i.
1121 3505 1248 3575 frequens
1270 3506 1318 3560 nd·

178 3581 203 3630 2.
218 3577 431 3632 dimicantem
445 3583 540 3632 certe.
566 3577 705 3634 Aehnlieh
758 3581 887 3630 aaran.
923 3575 960 3631 So
982 3576 1125 3631 brauchen
1144 3577 1231 3632 sehon
1250 3577 1318 3632 Sall.

139 3651 167 3701 3.
187 3652 213 3700 5.
233 3654 249 3701 5
272 3664 330 3702 non
351 3649 383 3702 in
402 3650 460 3704 acie
482 3651 583 3704 saltem.
622 3649 702 3704 Sina:
757 3664 785 3702 u.
805 3646 865 3702 Liv.
886 3647 936 3702 das
954 3647 1044 3702 Wort.

141 3732 173 3771 er
200 3717 306 3773 konnte
333 3718 419 3773 kaum
446 3719 553 3789 hoffen,
582 3721 646 3775 dass
673 3737 703 3775 er
793 3724 818 3774 8.
837 3718 1037 3788 caespiticio
1057 3725 1082 3773 3.
1102 3724 1144 3774 11.
1164 3725 1194 3786 6;
1214 3725 1318 3773 6.1.6.

141 3788 705 3930 seraranannr.
757 3860 1045 3929 ...
1070 3789 1146 3914 rr.
1163 3794 1320 3930 aaa

141 3930 243 3984 werde.
262 3962 296 3970 —
315 3933 384 3986 init
406 3949 552 4002 pugnum
576 3934 602 3988 d.
621 3933 649 3987 h.
673 3949 704 3988 sr
759 3931 844 3986 ‘ohne
867 3931 1043 3986 sonderliehe
1061 3930 1158 3984 Muhe’
1183 3931 1235 3985 hat
1253 3929 1320 3984 Cur·

141 4000 249 4055 konnte
272 4002 398 4071 sogleich
420 4003 474 4058 mit
496 4005 560 4059 dem
583 4003 703 4074 Kampsa
757 4001 814 4056 tius
826 4003 905 4057 sonst
917 4002 1018 4056 immor
1030 4002 1107 4056 band
1120 4016 1206 4070 aspre.
1229 4000 1319 4072 [Viol-

141 4070 291 4139 beginnen.
756 4071 846 4128 leicht
858 4072 896 4127 ist
910 4074 1012 4143 egregie
1025 4077 1117 4127 tamen
1130 4090 1163 4126 au
1176 4072 1255 4126 lesen
1265 4072 1319 4126 wie

179 4147 205 4195 4.
218 4144 338 4209 fronde
355 4146 503 4201 vestitos.
531 4145 583 4199 Die
597 4145 703 4200 Phrase
757 4145 971 4213 3.11.4e9reqie
984 4143 1320 4214 tneboncbn.]—eneipi

141 4212 240 4278 fronde
257 4217 366 4284 vestire,
384 4219 478 4272 vestiri
496 4218 547 4271 hat
563 4215 592 4270 G.
612 4216 702 4270 mehr·
752 4215 956 4284 poplitibus.
993 4211 1125 4268 Disselbe
1145 4215 1250 4270 Phrase
1272 4214 1320 4268 be·

141 4283 220 4351 sach,
240 4303 261 4340 z.
276 4286 307 4341 B.
323 4293 347 4341 5.
363 4293 388 4341 4.
404 4294 429 4341 7.
457 4288 552 4342 Dutch
565 4286 615 4341 das
632 4285 702 4356 plpf.
757 4284 824 4338 reits
848 4284 921 4339 oben
944 4290 967 4339 6.
993 4289 1016 4338 1.
1038 4290 1080 4339 14.
1104 4315 1138 4325 -
1161 4291 1198 4341 nt
1220 4289 1322 4341 antea

141 4355 276 4410 obiecerat
302 4356 371 4411 wird
399 4358 443 4413 die
469 4356 704 4414 Personifilxation
757 4356 920 4423 dininas,
938 4354 1222 4412 namneticam.
1322 4330 1383 4488 -Ι
