2790 4792
341 238 595 296 HISTORIARUM
613 240 828 296 ALEXANDRI
846 241 933 310 VIIII,
952 248 978 297 2.
1181 241 1246 306 113

78 404 265 487 intervenit,
289 403 375 467 idem
397 403 542 467 futurum
565 403 737 469 discrimen
760 408 811 468 est
834 404 1037 469 evadentium
1060 404 1094 468 in
1116 409 1247 470 terram.

79 491 141 558 Sed
164 492 273 557 omnia
295 492 360 555 ista
382 513 460 556 vera
483 513 553 557 esse
576 493 746 578 fingamus.
791 491 951 557 Utrumne
974 515 1033 558 vos
1055 494 1299 579 magnitud019

45 582 245 648 9beluarum
269 602 311 643 an
333 580 508 646 multitudo
526 581 670 646 hostium
688 581 811 646 terret?
854 580 948 657 Quod
965 581 1109 666 pertinet
1126 583 1166 647 ad
1185 583 1247 647 ele·

75 671 233 755 phantos,
260 690 412 752 praesens
439 669 596 735 habemus
624 671 822 754 exemplum:
854 671 889 734 in
919 692 995 736 suos
1024 670 1247 735 vehementius

77 781 175 844 quam
197 759 232 822 in
255 780 314 822 nos
338 759 595 840 incucurrerunt,
617 762 687 823 tam
704 763 800 824 vasta
819 780 956 843 corpora
975 759 1140 824 securibus
1158 759 1248 824 falci·

77 850 203 932 busque
222 847 373 911 mutilata
392 850 476 911 sunt.
516 846 600 923 Quid
618 851 728 912 autem
745 848 891 932 interest,
913 847 1051 913 totidem
1070 849 1144 931 sint,
1168 852 1248 932 quot
1266 858 1301 906 20

76 938 180 1002 Porus
212 936 340 1015 habuit,
373 957 415 999 an
446 954 485 1000 111
517 935 622 1019 milia,
655 957 727 1000 cum
758 958 823 1000 uno
853 938 910 1000 aut
937 937 1040 1001 altero
1068 936 1247 1002 vulneratis

76 1028 234 1091 uideamus
257 1028 379 1088 ceteros
403 1024 437 1088 in
459 1024 571 1110 fugam
594 1024 771 1089 declinari?
812 1024 895 1089 Dein
916 1046 1036 1109 paucos
1054 1046 1181 1110 quoque
1200 1027 1247 1089 in·
1266 1037 1298 1083 21

77 1114 244 1180 commode
273 1118 403 1197 regunt:
435 1116 635 1199 congregata
662 1134 738 1178 vero
766 1117 818 1179 tot
844 1113 936 1178 milia
965 1114 1038 1198 ipsa
1061 1136 1095 1177 se
1118 1114 1248 1199 elidant,

76 1205 133 1268 nbi
156 1224 215 1268 nec
240 1206 325 1266 stare
349 1224 409 1266 nec
432 1202 543 1288 fugere
572 1203 738 1286 potuerint
762 1201 922 1267 inhabiles
945 1205 1114 1267 vastorum
1137 1224 1248 1286 corpo·

76 1314 150 1357 rum
177 1292 289 1355 moles.
338 1290 495 1375 Equidem
525 1293 571 1356 sic
599 1290 754 1356 animalia
781 1290 847 1356 ista
874 1291 1070 1375 contempsi,
1096 1294 1147 1375 ut,
1175 1313 1248 1356 cum

76 1381 231 1445 haberem
254 1381 339 1463 ipse,
365 1402 432 1444 non
454 1381 675 1465 apposuerim,
700 1380 781 1445 satis
805 1400 938 1466 gnarus,
960 1381 1034 1463 plus
1059 1381 1125 1445 suis
1149 1403 1247 1465 quam

76 1470 226 1535 hostibus
249 1468 385 1552 periculi
407 1468 534 1534 inferre.
579 1468 625 1533 At
646 1467 732 1532 enim
751 1468 896 1553 equitum
913 1468 1122 1554 peditumque
1140 1470 1247 1534 multi·
1266 1479 1301 1528 aa

75 1559 155 1623 tudo
184 1580 243 1622 vos
270 1558 467 1622 commovet!
512 1555 594 1623 Cum
621 1557 732 1641 paucis
761 1557 849 1621 enim
875 1577 1022 1642 pugnare
1051 1558 1140 1623 soliti
1169 1558 1248 1623 estis

77 1653 110 1711 et
138 1668 224 1711 nunc
251 1646 392 1729 primum
419 1646 618 1711 inconditam
645 1645 849 1710 sustinebitis
876 1647 1014 1711 turbam.
1060 1646 1167 1712 Testis
1195 1646 1248 1712 ad·
1266 1657 1300 1705 23

77 1757 189 1800 versus
213 1735 454 1799 multitudinem
477 1735 591 1799 invicti
614 1732 827 1799 Macedonum
849 1734 976 1800 roboris
1001 1733 1159 1800 Granicus
1184 1758 1248 1800 am-

75 1825 128 1888 nis
148 1826 182 1889 et
201 1820 316 1888 Oilicia
334 1823 492 1889 inundata
510 1844 623 1888 cruore
641 1821 813 1887 Persarum
831 1828 865 1886 et
883 1821 1014 1907 Arbela,
1032 1825 1121 1888 cuius
1141 1825 1249 1908 campi

77 1913 275 1977 devictorum
299 1935 319 1977 a
340 1913 435 1978 nobis
454 1911 581 1977 ossibus
601 1912 697 1976 strati
716 1914 800 1976 sunt
842 1908 920 1976 Sero
939 1911 1084 1976 hostium
1101 1912 1247 1997 legiones
1267 1922 1302 1970 24

76 2023 246 2066 numerare
273 2002 456 2086 coepistis,·
472 2003 647 2085 postquam
679 1998 888 2065 solitudinem
919 1999 953 2065 in
983 2000 1063 2065 Asia
1091 2000 1248 2066 vineendo

76 2090 209 2155 fecistis.
258 2088 339 2156 Cum
371 2111 429 2174 per
460 2088 710 2172 Hellespontum
740 2088 982 2174 navigaremus,
1014 2089 1053 2154 de
1085 2089 1248 2172 paucitate

76 2183 190 2244 nostra
209 2178 417 2263 cogitandum
436 2178 511 2242 fnit:
529 2199 615 2243 nuno
633 2199 693 2242 nos
709 2175 851 2262 Scythae
866 2180 1054 2262 sequuntur,
1073 2177 1249 2242 Bactriana

77 2268 199 2332 auxilia
227 2273 358 2350 praesto
387 2271 476 2352 sunt,
506 2266 621 2332 Dahae
648 2265 867 2351 Sogdianique
894 2267 980 2333 inter
1006 2289 1066 2331 nos
1093 2267 1248 2332 militant.

24 2359 68 2423 10
78 2355 147 2420 Nec
165 2362 274 2420 tamen
293 2356 343 2420 illi
361 2357 476 2421 turbae
494 2355 628 2422 confido.
665 2354 802 2421 Vestras
817 2377 931 2421 manus
951 2357 1088 2439 intueor,
1105 2360 1248 2421 vestram
1266 2367 1301 2415 25

78 2446 230 2509 virtutem
250 2467 367 2528 rerum,
391 2468 471 2530 quas
491 2449 644 2529 gesturus
667 2466 749 2529 sum,
771 2444 886 2509 vadem
903 2445 1117 2529 praedemque
1135 2444 1249 2511 habeo.

77 2532 237 2609 Quamdiu
264 2534 430 2599 vobiscum
457 2533 493 2597 in
520 2534 587 2598 acie
609 2533 718 2616 stabo,
744 2554 804 2597 nec
826 2533 890 2597 mei
912 2554 971 2598 nec
993 2531 1139 2597 hortium
1163 2554 1249 2597 exer-

77 2622 160 2686 citus
187 2644 330 2687 numero.
372 2621 440 2687 Vos
468 2622 564 2687 modo
594 2622 719 2686 animos
751 2621 834 2685 mihi
861 2621 974 2705 plenos
1003 2621 1183 2686 alacritatis
1211 2642 1249 2686 ac

75 2711 212 2775 fiduciae
236 2710 395 2775 adhibete.
439 2709 514 2775 Non
537 2710 573 2773 in
595 2709 707 2775 limine
730 2731 864 2793 operum
887 2708 1099 2793 laborumque
1121 2714 1248 2789 nostro·
1268 2722 1301 2770 ac

76 2821 158 2879 rum,
182 2801 239 2864 sed
257 2801 292 2863 in
310 2799 397 2863 exitu
416 2802 549 2863 stamus.
585 2797 795 2864 Pervenimus
814 2798 855 2863 ad
874 2798 953 2864 solis
973 2801 1079 2864 ortum
1098 2802 1131 2862 et
1149 2797 1248 2864 Oeca-

74 2910 169 2952 num:
188 2889 251 2953 nisi
265 2888 377 2953 obstat
394 2887 537 2974 ignavia,
553 2887 627 2952 inde
645 2887 787 2952 victores
805 2887 988 2971 perdomito
1006 2887 1070 2951 fine
1089 2889 1249 2952 terrarum

114 3069 154 3118 19,
174 3064 286 3118 omnia
299 3064 375 3118 ieta.
403 3061 636 3117 Zurfickvveisend
689 3062 796 3118 vverdet
808 3061 838 3117 in
852 3062 897 3116 die
911 3062 988 3132 Lege
1002 3062 1145 3132 gebracht,
1161 3061 1251 3118 Stand

76 3133 128 3189 auf
148 3140 163 3200 ἕ
187 3140 305 3203 15—173
333 3134 407 3188 denn
428 3132 636 3216 irgendvvelche
690 3134 788 3189 halten
806 3152 840 3206 au
857 3138 971 3187 mr'tsseu
989 3149 1080 3202 gagen
1098 3134 1151 3186 etc.
1181 3150 1184 3154 ’

74 3205 181 3259 Furcht
202 3221 254 3259 vor
276 3205 325 3259 der
343 3203 568 3261 Gefahrhchkeit
588 3205 637 3259 des
725 3211 768 3259 23.
796 3205 946 3258 inuictus
968 3205 1129 3258 aduersus
1151 3205 1250 3271 mult,

77 3275 320 3345 Fluesnbergange
343 3293 380 3330 an
398 3275 459 3330 sich
476 3275 635 3330 11111111,
689 3274 743 3329 wie
762 3281 786 3330 ’1.
807 3281 831 3328 6.
851 3279 898 3340 233
919 3280 960 3328 10.
981 3279 1004 3327 1.
1024 3279 1066 3327 42.
1086 3303 1121 3314 -··
1144 3276 1249 3329 cuiue.

77 3347 151 3400 nach
169 3352 183 3412 ξ
203 3353 236 3401 11
254 3365 281 3401 u.
303 3350 336 3399 18
358 3346 403 3400 fiir
426 3346 564 3416 geradeau
585 3363 635 3399 un·
689 3345 735 3399 Da
742 3346 847 3400 Arbela
855 3344 902 3399 bei
911 3344 940 3400 0.
951 3347 1029 3398 const
1037 3362 1090 3398 nur
1102 3344 1146 3399 als
1159 3347 1249 3401 neutr.

77 3417 248 3487 gereimt.-
254 3417 406 3487 pertinet
419 3416 464 3470 fiir
476 3417 575 3471 attinet
583 3415 636 3471 vvie
690 3416 762 3486 plur.
786 3415 961 3484 vorhommt,
984 3431 1015 3471 so
1038 3416 1178 3470 istratus
1201 3433 1249 3471 an·

77 3494 227 3544 c.11.30.
265 3488 315 3542 Bei
333 3503 465 3556 praeseus
486 3487 637 3557 exemptam
690 3485 801 3557 etbesig.

76 3560 164 3614 denkt
183 3559 211 3616 C.
232 3577 268 3614 un
286 3560 376 3614 das8.
392 3563 434 3612 14.
450 3557 551 3613 abeto.
584 3557 635 3612 Er·
726 3564 769 3612 24.
788 3559 944 3627 legiones.
972 3557 1139 3628 Vergleiche
1154 3558 1250 3613 hierau

76 3631 179 3685 athlte.
690 3630 829 3702 manipuli
839 3634 880 3684 10.
890 3634 916 3684 4.
927 3634 944 3682 3
960 3630 1017 3684 und
1032 3631 1148 3699 legiones
1161 3630 1249 3685 Etru·

112 3707 153 3756 20.
174 3701 373 3756 vulneratis.
409 3700 521 3755 Ebenso
540 3705 636 3756 1114
689 3716 796 3756 acorum
814 3700 874 3756 Liv.
894 3706 918 3757 5.
938 3706 980 3757 35.
999 3706 1024 3754 4.

76 3773 127 3826 der
153 3773 250 3827 Plural
276 3771 322 3826 bei
348 3787 423 3826 unus
449 3775 475 3825 et
501 3771 577 3826 altra
601 3801 636 3814 -
726 3776 768 3826 25.
809 3773 940 3828 vadem
971 3773 1249 3840 praedemque,

72 3859 202 3912 paucos
220 3858 345 3913 quoque
359 3867 393 3888 ιι
407 3843 448 3896 cel
463 3858 574 3911 paucos.
608 3842 636 3899 S.
692 3841 1036 3914 ‘vollsteBtrgschult’3
1049 3841 1250 3896 aadahiesseu

76 3914 149 3968 Einl.
168 3920 183 3980 ς
201 3921 236 3969 46
254 3916 336 3971 Anm.
357 3920 380 3971 1.
400 3945 433 3954 -
452 3929 484 3968 ec
501 3915 635 3970 elideret.
690 3913 736 3970 die
758 3914 870 3998 Br'irgen
897 3915 927 3968 in
950 3912 1109 3981 Criminal·,
1135 3913 1251 3980 praedes

74 3985 190 4041 Elidere
203 3986 304 4042 istdas
318 3986 342 4041 e‘
365 3984 487 4040 entliche
496 3985 580 4040 Wort
591 3984 637 4039 1111
690 3984 735 4040 die
748 3984 779 4040 in
793 3983 1250 4040 amsuchan-maurenasca
1371 4034 1375 4049 -.

78 4004 534 4142 ‘erdrfloken’31'gVollstt'ndig
556 4057 636 4140 sagte
689 4057 788 4128 wegeu
802 4056 851 4111 des
861 4056 1063 4126 Gegensataes;
1077 4054 1200 4108 1111111111
1212 4053 1252 4108 iet
1336 4076 1337 4083 ¹
1368 4076 1371 4081 ·

77 4129 409 4265 lbldlilidhwdbedpgnddm
426 4128 513 4182 am
530 4127 635 4182 clm·
690 4130 768 4253 etdd.
781 4125 1249 4268 {essmaprzepzteeibofim

114 4269 635 4340 22.cumpoueiseaim.Erganae
690 4302 723 4311 -
747 4271 909 4325 amittere.
951 4267 1251 4323 Scamaaibusrem

77 4340 511 4397 vorhereinironischesidcaac
519 4345 636 4396 mauaa-
691 4343 808 4395 emittere
830 4338 891 4396 Liv.
911 4344 954 4395 44.
974 4345 1016 4395 36.
1033 4344 1066 4392 10
1080 4358 1107 4393 u.
1122 4344 1146 4393 t.
1184 4336 1252 4407 Vgl.

78 4413 144 4466 dum
168 4418 212 4466 est.
242 4443 274 4452 -
302 4413 527 4469 sustinebitis.
562 4411 637 4467 Wir:
691 4412 852 4468 omuibus
870 4412 1257 4481 capuceum-,uuus
