2790 4792
130 189 193 255 154
588 186 618 252 o.
639 186 749 241 cuam
767 186 854 240 surr

127 353 233 417 dinem
258 371 439 434 corporum:
462 349 553 412 vanis
577 350 610 411 et
632 348 782 413 inanibus
806 348 941 413 militem
964 348 1068 432 magis
1092 369 1189 432 quam
1208 348 1303 412 iustis

126 439 307 506 formidinis
335 436 439 502 causis
463 437 596 521 moveri,
625 474 666 482 —
696 436 810 501 deinde
832 440 957 500 tantam
980 436 1219 501 multitudinem
1243 437 1303 500 cir-

87 527 292 598 ccumfundi
318 523 522 609 paucioribus
549 545 654 607 posse.
699 523 776 589 Non
802 525 837 588 in
860 524 990 591 Ciliciae
1019 525 1177 608 angustiis
1201 527 1234 587 et
1256 525 1303 587 in-

93 618 187 686 rviis
210 614 359 697 callibus,
388 613 442 677 sed
470 613 506 675 in
528 615 640 695 aperta
663 616 695 676 et
716 613 784 677 lata
806 613 941 696 planitie
965 611 1136 677 dimicare'.
1182 611 1303 676 Omnes

126 705 225 768 ferme
238 701 443 766 Parmenioni
466 700 742 765 adsentiebantur:
764 701 968 784 Polypercon
990 701 1077 765 haud
1101 701 1196 765 dubie
1214 701 1250 765 in
1265 722 1303 766 co

86 792 259 863 sconsilio
291 791 430 874 positam
462 788 631 853 victoriam
663 789 888 854 arbitrabatur.
944 789 1045 866 Quem
1076 789 1207 853 intuens
1238 810 1304 872 rex,

125 902 262 961 namque
289 877 534 942 Parmenionem
565 898 668 960 nuper
695 879 813 962 acrius,
846 900 942 962 quam
969 878 1078 956 vellet,
1110 877 1303 961 increpitum

124 990 235 1033 rursus
263 967 421 1051 castigare
447 987 515 1029 non
543 966 736 1051 sustinebat,
769 965 1069 1050 ‘Latrunculorum’,
1100 966 1221 1050 inquit,
1254 965 1304 1029 ‘et

124 1057 233 1121 furum
255 1056 319 1119 ista
343 1053 486 1119 sollertia
509 1057 571 1136 est,
594 1075 690 1137 quam
713 1055 896 1138 praecipitis
920 1054 1009 1138 mihi,
1031 1055 1149 1139 quippe
1172 1054 1302 1118 illorum

89 1165 107 1215 o
126 1148 236 1210 votum
264 1143 394 1207 unicum
422 1144 472 1205 est
493 1141 613 1206 fallere.
658 1141 751 1206 Meae
773 1164 850 1207 vero
874 1144 995 1227 gloriae
1019 1163 1144 1225 semper
1167 1145 1224 1206 aut
1247 1142 1302 1206 ab·

126 1232 263 1297 sentiam
277 1230 375 1295 Darei
398 1232 454 1295 aut
477 1230 643 1314 angustias
666 1231 811 1295 locorum
835 1235 891 1296 aut
908 1231 1030 1296 furtum
1048 1231 1154 1295 noetis
1172 1230 1302 1294 obstare

126 1343 193 1385 non
215 1320 333 1404 patiar:
355 1319 464 1402 palam
486 1319 556 1382 luce
579 1319 711 1403 adgredi
734 1323 856 1382 certum
880 1323 941 1384 est:
964 1319 1050 1383 malo
1073 1340 1121 1384 mc
1134 1340 1224 1384 meae
1238 1319 1301 1383 for·

73 1431 108 1480 ιο
126 1413 224 1473 tunae
247 1407 420 1491 paeniteat,
444 1428 541 1490 quam
563 1407 714 1471 victoriae
736 1407 863 1490 pudeat.
895 1406 948 1471 Ad
970 1407 1050 1471 haec
1072 1407 1152 1471 illud
1175 1429 1302 1491 quoque

126 1497 262 1561 aceedit:
285 1495 413 1579 vigilias
437 1515 531 1578 agere
553 1495 709 1560 barbaros
733 1496 822 1559 etin
845 1496 942 1560 armis
966 1499 1060 1580 stare,
1082 1498 1120 1559 ut
1137 1517 1178 1559 ne
1197 1496 1303 1578 decipi

127 1585 255 1669 quidem
286 1583 426 1666 possint,
457 1586 647 1666 conpertum
678 1583 791 1648 habeo.
836 1583 950 1667 Itaque
983 1584 1024 1648 ad
1054 1584 1212 1668 proelium
1244 1606 1302 1648 vos

126 1671 258 1757 parate?
304 1669 357 1736 Sic
379 1671 529 1736 incitatos
553 1672 593 1735 ad
617 1693 751 1755 corpora
775 1673 916 1736 curanda
938 1672 1068 1736 dimisit.

71 1782 106 1830 11
214 1759 339 1824 Dareus
362 1759 404 1843 id,
427 1759 512 1843 quod
529 1758 700 1825 Parmenio
724 1763 877 1843 suaserat,
899 1761 1026 1825 hostem
1048 1760 1208 1824 facturum
1231 1781 1301 1824 esse
1311 1759 1353 1823 48

126 1850 310 1914 coniectans
337 1847 481 1912 frenatos
510 1870 609 1932 equos
637 1851 722 1913 stare
749 1870 965 1933 magnamque
992 1850 1148 1913 exercitus
1175 1852 1303 1932 partem

124 1939 160 2002 in
183 1937 280 2002 armis
304 1957 374 2000 esse
397 1958 434 2000 ac
456 1936 584 2020 vigilias
606 1937 780 2001 intentiore
804 1959 880 2001 eura
903 1937 1023 2001 servari
1044 1937 1195 2002 iusserat:
1224 1958 1302 2022 ergo

68 2046 106 2095 rc
125 2027 256 2110 ignibus
284 2027 355 2089 tota
378 2024 446 2088 eius
470 2027 576 2088 eastra
598 2024 776 2109 fulgebant.
820 2025 894 2110 Ipse
918 2047 990 2089 cum
1014 2025 1147 2090 ducibus
1170 2027 1301 2109 propin-

126 2114 260 2198 quisque
279 2111 411 2196 agmina
428 2113 464 2175 in
482 2112 580 2176 armis
595 2114 749 2176 stantium
764 2114 961 2197 circumibat,
980 2112 1087 2179 Solem
1102 2118 1134 2178 et
1146 2113 1301 2178 Mithrem

43 2210 48 2217 '
126 2221 316 2285 sacrumque
338 2202 371 2262 et
393 2203 559 2264 aeternum
580 2200 734 2266 invocans
756 2203 875 2287 ignem,
897 2205 935 2266 ut
956 2202 1019 2266 illis
1043 2202 1176 2286 dignam
1194 2205 1301 2267 vetere

71 2310 107 2359 13
127 2289 231 2374 gloria
259 2289 480 2370 maiorumque
508 2290 724 2355 monumentis
747 2290 969 2354 fortitudinem
992 2290 1198 2373 inspirarent.
1245 2289 1301 2355 ‘Fit

124 2377 283 2461 profecto,
315 2376 343 2440 si
370 2397 434 2459 qua
461 2376 586 2440 divinae
614 2377 684 2460 opis
712 2379 847 2463 auguria
872 2379 1016 2443 humana
1042 2383 1150 2442 mente
1173 2380 1300 2462 concipi

123 2468 273 2549 possent,
310 2464 386 2528 deos
418 2467 503 2528 stare
536 2463 652 2529 secum.
697 2466 774 2531 Illos
805 2488 908 2550 nuper
936 2466 1150 2531 Macedonum
1182 2467 1299 2530 animis

126 2554 266 2618 subitam
293 2553 464 2617 incussisse
492 2553 708 2618 formidinem:
741 2555 846 2620 adhue
868 2555 1051 2638 lymphatos
1074 2554 1151 2618 ferri
1174 2555 1300 2640 agique,

125 2664 216 2711 arma
242 2642 409 2707 iacientes:
442 2646 590 2729 expetere
616 2643 779 2726 praesides
802 2643 974 2708 Persarum
1001 2644 1128 2730 imperii
1154 2645 1224 2709 deos
1247 2644 1298 2708 de·

160 2872 186 2919 6.
199 2863 364 2947 'collibia
383 2862 498 2946 ahnlich
516 2863 589 2919 oben
603 2870 627 2919 9.
641 2870 684 2921 22.
738 2867 784 2922 tic
802 2891 836 2912 =
855 2869 1028 2948 concrema,
1046 2880 1066 2921 s.
1087 2862 1152 2920 Tac.
1172 2866 1298 2948 Agr-343

125 2936 339 3002 -dcmccorc,
357 2934 443 2990 namt.
463 2935 684 2990 dreerwthnten
738 2940 809 2992 lece
828 2937 927 2991 ==be1
954 2936 1044 3006 Tage,
1081 2937 1153 2990 cuch
1180 2936 1235 2991 Cre.
1266 2969 1298 2979 -

118 3006 268 3075 pauciores
277 3004 304 3060 d.
313 3004 332 3058 i.
344 3005 516 3059 Macedones.
538 2996 683 3060 (bsohrieb
732 3009 921 3077 paeniteat.
959 3005 1039 3060 Sinn:
1068 3006 1157 3062 lieber
1174 3008 1236 3062 will
1252 3009 1299 3063 ich

122 3075 199 3129 wohl
226 3076 356 3130 dimicari
387 3074 454 3129 oder
487 3076 606 3143 (worauf
635 3077 684 3131 das
737 3079 807 3134 fiber
824 3077 907 3133 einen
919 3076 1078 3147 Misserfolg
1096 3077 1172 3131 mich
1188 3083 1298 3149 argeru,

122 3145 374 3201 handsohriftliche
401 3147 565 3200 dimicarent
594 3146 683 3216 fr‘ihrt)
738 3149 779 3203 als
797 3168 824 3205 u.
843 3167 864 3203 s.
883 3167 918 3203 w.

121 3218 253 3272 dimicari
284 3217 442 3287 Miliarem·
486 3216 551 3286 Vssl·
581 3223 622 3271 ¹4·
650 3224 683 3272 ¹⁷
775 3254 817 3301 10.
831 3247 867 3301 ia
886 3246 997 3313 armis,
1016 3246 1069 3300 mit
1081 3251 1154 3300 stare
1168 3247 1240 3300 auch
1252 3246 1300 3301 bei

123 3286 548 3428 3333333333
567 3288 684 3413 dtr
735 3314 888 3442 ,egge
903 3316 975 3372 ,u
988 3317 1016 3371 b·
1030 3316 1115 3371 eu·
1131 3323 1165 3370 ⁴2
1184 3318 1234 3372 c

123 3428 174 3483 her
204 3446 260 3483 von
287 3429 405 3484 Persem
431 3447 457 3484 u.
486 3428 684 3484 Macedoniarn
884 3476 889 3488 ‚
1261 3477 1267 3488 ,

122 3499 250 3568 lugiens
264 3499 310 3554 ue
323 3500 400 3554 cece
413 3500 453 3553 sse
471 3500 684 3568 (turicremam
774 3483 815 3529 12·
837 3476 1008 3558 Mithrem
1028 3481 1052 3529 a.
1068 3481 1094 3530 3-
1108 3483 1133 3530 8·
1159 3476 1240 3530 Auch
1258 3494 1299 3529 1111

123 3570 310 3636 crecmfwui
339 3571 546 3638 paedoribus).
596 3571 683 3625 riche
738 3546 939 3628 rene-evesa
961 3546 1033 3634 vm}
1055 3546 1104 3628 <191
1123 3545 1300 3630 Somengqa

123 3639 262 3709 amboesig
280 3639 319 3693 ist
337 3640 386 3694 der
403 3639 453 3694 inf,
462 3657 561 3709 prag,
580 3643 617 3695 da
634 3642 683 3696 de,
736 3633 792 3671 von
801 3616 906 3671 Mithra
920 3616 1118 3671 ausdruckhoh
1127 3619 1298 3673 unterschre-

122 3709 230 3780 Kampf
245 3711 331 3764 sehon
349 3709 513 3780 cingeleitet
530 3728 596 3766 wer.
736 3687 799 3741 <10¹1-
819 3717 852 3727 -
877 3689 1098 3776 mmeritis
1117 3713 1151 3734 =
1170 3688 1220 3742 der
1239 3688 1298 3744 Sie-

159 3788 183 3836 7.
213 3782 437 3851 Polypercon,
464 3781 585 3837 beiden
604 3781 681 3838 Gris-
735 3757 962 3827 geldemilers
982 3758 1140 3827 T1⁰Ph201h

15 3890 18 3895 -
119 3853 194 3907 chen
211 3850 427 3922 Πολυσπέρχων.
466 3852 493 3906 S.
515 3858 555 3907 13.
576 3860 617 3909 28.
773 3860 814 3909 13.
834 3856 968 3923 concipi
986 3880 1021 3900 =
1040 3855 1159 3909 erkannt
1175 3855 1297 3911 werden.

158 3930 183 3978 8.
202 3940 321 3992 nuper,
349 3929 548 3979 s.11.14.—
576 3926 683 3979 casti·
736 3926 876 3992 —ferri
895 3925 1298 3995 apiqac,beideWortefin-

118 3996 220 4049 nebat
247 4011 270 4048 o.
293 3992 343 4048 inf.
371 4011 391 4047 s.
415 3993 489 4048 Einl.
513 3999 537 4058 ξ.
557 4000 591 4049 34
601 3995 626 4048 b.
646 4024 681 4035 —
736 3996 790 4049 den
803 3995 863 4050 sich
876 3996 948 4050 auch
962 3995 1009 4050 bei
1021 3994 1225 4050 Olassilrernin
1240 3997 1298 4052 die·

122 4065 202 4134 ἐπα,
221 4082 329 4134 quom,
357 4064 487 4119 deutsoh:
512 4064 583 4133 das,
602 4081 680 4132 was3
736 4065 897 4135 samsima,
915 4067 1077 4121 verbunden
1090 4065 1144 4120 wie
1153 4066 1215 4121 hier
1225 4069 1298 4122 auch

119 4136 178 4204 rgl.
197 4136 244 4190 die
262 4135 337 4190 thul.
357 4134 445 4189 Stelle
464 4141 506 4189 14.
526 4140 567 4189 13.
735 4137 782 4191 bei
800 4135 861 4191 Liv.
875 4168 911 4177 —
929 4139 1105 4204 iacientes,
1125 4143 1297 4192 s.3.11.12.

158 4211 183 4258 3.
203 4208 398 4273 absentiam,
415 4204 681 4260 wiecmGranikus.
736 4238 769 4247 -
783 4208 961 4276 praecides
1033 4209 1122 4275 deos,
1142 4207 1297 4262 ‘Schutc-

4 4322 11 4335 ,
122 4274 179 4329 Das
209 4276 293 4333 Wort
322 4277 443 4334 braucht
474 4276 547 4330 auch
577 4275 682 4345 Cicero,
735 4278 873 4349 gotter',
890 4278 944 4332 wie
963 4277 1037 4332 diter
1055 4279 1103 4334 bei
1117 4278 1155 4348 0.,
1173 4280 1231 4350 vgl.
1245 4277 1296 4333 Or.

4 4368 13 4399 ε
122 4362 150 4415 p.
168 4346 222 4404 Pis.
242 4355 320 4403 3711.
340 4357 383 4404 63.
405 4380 435 4388 -
460 4349 590 4415 fartam
607 4363 681 4403 coc·
735 4351 802 4404 met.
822 4356 846 4402 1.
866 4354 925 4403 534.
