2790 4792
1292 358 1323 385 ,μ

1329 397 1351 439 ,θ’
1375 430 1381 443 ⁴,

384 224 640 281 msromaaun
658 225 874 280 stamnum
893 226 979 297 vim,
999 233 1023 282 a.
1045 233 1069 282 r.
1240 190 1382 467 Q

1128 315 1136 322 '
1288 324 1307 353 a

1234 390 1290 455 bib

146 392 232 451 state
266 409 429 452 securum:
461 388 542 452 belli
575 386 754 471 Martisque
787 388 962 454 discrimen
993 388 1163 472 inpavidus
1197 412 1234 455 su

144 476 315 560 Philippus
339 477 374 540 in
397 477 464 541 acie
487 478 591 540 tutior
615 499 712 561 quam
735 478 770 541 in
792 476 922 541 theatro
941 477 1018 542 fuit:
1041 479 1186 543 hostium
1204 501 1319 544 manus
1362 515 1368 534 ·

144 586 241 648 saepe
269 565 401 647 vitavit,
429 586 561 649 suorum
590 564 731 647 effugere
757 587 825 629 non
852 565 965 630 valuit.
1015 565 1166 630 Aliorum
1193 588 1320 651 quoque

142 674 257 739 regum
285 653 391 717 exitus
420 654 449 717 si
476 654 719 737 reputaveritis,
751 654 860 737 plures
890 677 910 718 a
938 656 1005 719 suis
1034 676 1131 738 quam
1160 656 1201 719 ab
1225 654 1320 720 hoste

142 742 356 826 interemptos
375 742 599 806 numerabitis.
641 741 801 825 Ceterum,
826 742 978 826 quoniam
1002 743 1082 807 olim
1104 744 1152 807 rei
1176 744 1320 827 agitatae
1340 756 1376 805 26

143 832 177 895 in
201 832 310 895 animo
334 851 407 894 meo
430 851 515 895 nunc
537 831 734 914 promendae
759 831 886 896 occasio
906 831 1019 896 oblata
1038 835 1097 913 est,
1120 832 1201 896 mihi
1221 832 1320 896 maxi-

142 942 215 984 mus
238 919 388 983 laborum
413 922 509 1004 atque
533 940 668 1003 operum
691 941 837 984 meorum
861 920 924 984 erit
945 919 1082 1004 fruetus,
1105 919 1133 984 si
1152 919 1320 1004 Olympias

144 1011 250 1072 mater
282 1007 524 1073 immortalitati
557 1012 777 1092 consecretur,
815 1009 1005 1092 quandoque
1039 1010 1212 1074 excesserit
1242 1009 1320 1074 vita.

143 1095 177 1160 Si
201 1097 343 1179 licuerit,
370 1097 441 1179 ipse
468 1096 641 1180 praestabo
665 1096 741 1161 hoc:
765 1097 794 1173 si
819 1119 870 1161 me
896 1098 1100 1181 praeceperit
1125 1098 1239 1182 fatum,
1262 1119 1320 1162 vos

144 1185 315 1250 mandasse
343 1205 391 1249 me
418 1183 633 1249 mementote?
684 1185 734 1249 Ac
765 1189 835 1249 tum
869 1186 998 1269 quidem
1032 1186 1153 1251 amicos
1181 1186 1320 1250 dimisit:

145 1278 286 1338 ceterum
309 1295 367 1359 per
391 1275 560 1357 conplures
584 1274 652 1338 dies
676 1274 723 1338 ibi
747 1274 869 1339 stativa
892 1274 1017 1340 habuit.

643 1501 723 1567 Car.
745 1502 819 1568 VII.

87 1628 130 1691 27
234 1627 323 1692 Haec
355 1627 431 1691 dum
459 1628 495 1692 in
521 1627 616 1691 lndia
647 1630 818 1712 geruntur,
850 1626 964 1691 Graeci
996 1626 1119 1690 milites
1151 1648 1255 1710 nuper
1286 1627 1356 1691 in1

144 1717 289 1781 colonias
314 1739 333 1780 a
356 1736 433 1802 rege
457 1716 588 1780 deducti
612 1716 698 1780 circa
714 1713 835 1779 Bactra
859 1718 931 1780 orta
949 1716 1035 1780 inter
1053 1715 1142 1798 ipsos
1163 1715 1321 1793 seditione

143 1806 340 1890 defecerant,
367 1826 433 1870 non
460 1808 529 1869 tam
551 1803 737 1870 Alexandro
765 1802 898 1888 infensi,
926 1825 1025 1887 quam
1048 1806 1138 1867 metu
1161 1803 1321 1886 supplicii.

144 1893 271 1978 Quippe
305 1893 419 1958 occisis
453 1893 647 1978 quibusdam
674 1892 896 1976 popularium,
930 1893 987 1976 qui
1014 1892 1188 1956 validiores
1219 1896 1357 1975 ereata

145 2004 237 2046 arma
264 1986 409 2066 spectare
438 1984 614 2066 coeperunt
637 1985 669 2044 et
691 1980 868 2045 Bactriana
892 2001 979 2064 arce,
1006 2001 1087 2064 quae
1111 2001 1188 2045 casu
1211 1981 1321 2064 negle-

145 2070 276 2153 gentius
295 2071 466 2135 adservata
480 2072 560 2154 erat,
578 2072 736 2153 occupata
754 2069 910 2134 barbaros
930 2090 1057 2152 quoque
1075 2069 1111 2132 in
1131 2069 1321 2133 societatem

145 2159 335 2224 defectionis
360 2159 552 2243 inpulerant.
597 2157 828 2223 Athenodorus
852 2161 922 2222 erat
945 2157 1095 2241 princeps
1119 2158 1244 2239 eorum,
1267 2157 1357 2240 quia

143 2248 233 2331 regis
262 2269 388 2332 quoque
416 2269 535 2312 nomen
563 2246 801 2330 adsumpserat,
828 2268 894 2311 non
920 2249 990 2310 tam
1018 2245 1148 2329 imperii
1172 2245 1321 2329 cupidine

144 2359 242 2420 quam
271 2337 305 2400 in
331 2336 473 2420 patriam
500 2335 683 2401 revertendi
707 2357 780 2400 cum
802 2335 858 2418 iis,
885 2335 939 2418 qui
964 2334 1193 2399 auctoritatem
1216 2333 1318 2417 ipsius

144 2545 197 2598 Die
215 2560 280 2599 vom
299 2543 457 2600 Pronomen
475 2543 624 2599 attrahirte
638 2543 706 2599 Par·
755 2548 909 2613 properata
921 2544 1025 2614 sapam.
1047 2542 1186 2598 Aehnlich
1200 2542 1324 2612 gedaeht

143 2615 216 2671 tikel
239 2616 340 2685 gehbrt
362 2634 426 2669 zum
449 2630 557 2685 ganzen
580 2614 658 2685 Sata,
684 2633 705 2670 s.
761 2614 823 2668 sind
841 2613 966 2669 Phrasen
985 2615 1038 2669 wie
1056 2615 1215 2683 praecipere
1237 2629 1324 2679 orac,

144 2692 170 2740 5.
191 2692 233 2740 26.
760 2687 918 2752 uictoriam,
936 2701 1010 2754 epam
1027 2686 1150 2753 (aalma).

181 2762 223 2813 25.
252 2758 288 2811 ia
314 2758 452 2814 theatro.
489 2757 527 2811 Er
549 2756 645 2811 warde
668 2756 707 2810 im

145 2828 268 2883 Theater
286 2829 433 2883 ermordet.
466 2827 559 2882 Ueber
575 2829 665 2883 colere
683 2844 706 2881 c.
972 2809 1035 2867 0³1²·
1055 2808 1116 2865 VH·

143 2898 245 2953 infinit.
266 2916 286 2952 s.
306 2898 378 2952 Einl.
398 2904 413 2964 ξ
432 2905 474 2954 34.
799 2903 823 2952 1.
856 2899 949 2953 circa
975 2897 1119 2964 Bactra,
1151 2896 1262 2952 Beiratz
1289 2909 1342 2950 zu*

180 2976 223 3024 26.
252 2971 467 3039 promendae,
494 2969 607 3024 libera:⁴
631 2985 706 3024 aus·
760 2969 889 3026 colonias.
937 2969 1043 3023 Diodor
1075 2967 1181 3037 spricht
1211 2984 1268 3021 von
1295 2963 1325 3021 ol

144 3040 279 3108 flihren,
299 3040 412 3110 cigentl.
428 3057 486 3095 ans
502 3041 707 3111 Tageslicht
760 3037 834 3094 κατὰ
858 3036 910 3109 τὴν
929 3036 1113 3109 Βακτριανὴν
1132 3039 1181 3092 aul
1199 3040 1323 3106 Σογδια-

145 3111 299 3180 bringen.
324 3142 357 3152 -
380 3113 553 3167 maximas.
595 3111 705 3166 Ebenso
760 3107 814 3180 νὴν
833 3107 1063 3172 κατοικισθέντες
1074 3104 1221 3176 ”Ελληνες;
1246 3109 1322 3162 Cart.

140 3184 311 3251 praeceperas
328 3184 438 3249 fructas
456 3190 480 3238 6.
500 3189 525 3237 9.
544 3189 569 3236 2.
589 3212 623 3222 ·-
646 3184 705 3236 im·
760 3181 926 3236 bezeichnet
951 3182 1023 3235 nach
1047 3180 1073 3234 d.
1094 3181 1175 3233 Anm.
1200 3197 1234 3232 zu
1252 3184 1277 3232 7.
1297 3185 1323 3234 8.

144 3255 354 3308 mortalitati
372 3259 586 3309 consecretur
599 3253 652 3307 wie
663 3259 705 3307 10.
760 3258 793 3306 21
823 3252 876 3306 mit
905 3253 960 3306 den
986 3251 1104 3304 Worten
1130 3249 1241 3304 Bactra
1266 3250 1325 3304 und

146 3330 170 3378 5.
192 3328 239 3390 303
257 3324 313 3393 vgl.
333 3324 379 3379 die
399 3325 568 3379 classisohen
581 3323 707 3378 Phrasen
760 3323 919 3378 Bactriaaa
944 3321 1024 3375 nicht
1049 3321 1140 3375 selten
1163 3320 1212 3374 das
1236 3337 1324 3390 ganza

144 3396 350 3450 iozmortalitati
363 3397 480 3465 aliquem
497 3396 612 3460 tradere,
630 3411 707 3449 maa·
760 3394 839 3448 Land
856 3392 993 3447 zwischen
1008 3391 1071 3446 dem
1085 3391 1282 3460 Parapamisus
1296 3409 1322 3445 u.

145 3468 226 3532 dare,
249 3467 440 3521 commendare.
481 3465 538 3520 Der
559 3464 708 3519 Ausdruck
761 3464 898 3519 laxarten.
935 3462 992 3516 Der
1013 3461 1109 3516 Abfall
1132 3461 1225 3517 dieser
1242 3462 1323 3517 Colo-

146 3553 303 3592 coasecrare
333 3537 433 3607 besagt
461 3536 553 3606 mehr,
584 3536 708 3591 ntmlich
760 3535 853 3590 risten
880 3535 912 3602 (s.
937 3540 960 3588 7.
981 3537 1073 3600 &263
1102 3539 1188 3589 7.10⁴
1210 3536 1253 3602 15)
1283 3548 1323 3586 er·

146 3609 192 3661 die
211 3607 354 3663 feierliche
372 3609 534 3678 Apotheose
553 3605 630 3661 einer
643 3608 708 3662 Per·
761 3605 852 3675 folgte
865 3605 938 3659 nach
952 3604 1060 3659 Diodor
1073 3604 1124 3659 auf
1135 3605 1186 3659 das
1200 3603 1324 3658 Gerficht

146 3695 205 3733 son.
243 3678 270 3735 S.
290 3686 315 3733 8.
333 3685 356 3734 5.
373 3685 406 3734 17
425 3682 582 3734 consecrata
599 3678 707 3732 immor·
761 3692 827 3731 vom
845 3675 923 3730 Tode
941 3676 1115 3731 Alexanders
1133 3675 1190 3730 hin.
1210 3705 1243 3714 -
1262 3690 1323 3743 po·

145 3751 250 3805 totitas.
282 3750 362 3804 Alea⁴
379 3751 515 3816 wfinrcht,
534 3749 598 3803 dass
612 3748 707 3817 Olym·
757 3747 950 3816 palariam,
976 3747 1053 3802 wohl
1082 3746 1191 3800 ‘ihrer
1219 3745 1323 3799 Lauda·

146 3822 209 3890 pias
222 3821 265 3874 als
274 3819 380 3876 Mutter
389 3822 465 3877 eines
474 3819 573 3875 Gottes
581 3819 708 3874 feierlich
761 3818 859 3876 leute’.
901 3817 931 3872 Ο.
959 3818 1049 3872 meint
1073 3816 1222 3887 jedenfalls
1251 3815 1324 3869 doch

147 3891 434 3961 apotheosirtwerde.
452 3889 708 3946 Dassdchchrilt-
761 3889 808 3943 die
826 3888 881 3943 den
899 3888 1097 3943 Macedoniarn
1114 3885 1325 3955 treugesinnten
1348 3929 1351 3932 .

147 3962 246 4017 stellet
263 3963 313 4017 ihn
332 3964 391 4018 dies
404 3963 450 4018 bei
465 3962 557 4017 dieser
570 3960 708 4030 Gelegen·
761 3951 1026 4027 Belehlshaber,
1041 3959 1129 4012 daher
1142 3956 1180 4010 ist
1193 3956 1243 4009 der
1253 3955 1324 4009 Aus-

146 4033 208 4088 heit
240 4049 270 4085 so
299 4035 492 4088 unverhohlen
520 4034 709 4100 aussprechen
762 4030 852 4086 druclr
865 4032 914 4100 qai
927 4031 1075 4085 calidiores
1087 4033 1167 4083 aaut
1184 4026 1324 4081 betremd·

146 4104 230 4172 lasst,
258 4121 317 4158 war
344 4106 419 4159 wohl
443 4104 510 4159 kein
532 4101 709 4170 gldcklioher
762 4101 833 4169 lich,
855 4118 923 4156 man
946 4101 1078 4155 erwartet
1100 4099 1146 4153 cin
1166 4096 1250 4151 Wort
1271 4098 1324 4151 wie

146 4174 226 4230 Griff.
252 4205 285 4214 -
308 4177 505 4244 quandoque
522 4173 569 4226 fiir
586 4173 708 4242 quando-
762 4173 904 4240 fideliores.
937 4170 1093 4226 Jedenfalls
1111 4185 1170 4224 war
1188 4168 1238 4223 das
1256 4169 1325 4223 oali-

146 4260 264 4314 camom,
284 4264 308 4326 s.¹
324 4245 398 4300 Einl.
416 4251 432 4311 ς
452 4251 493 4301 13.
512 4244 539 4298 b.
560 4273 594 4282 —
608 4259 709 4327 prac-
763 4245 853 4326 diores
871 4258 983 4325 cascar
1001 4241 1076 4295 sich
1094 4239 1161 4294 kein
1177 4239 1272 4294 Grund
1291 4257 1325 4292 zu

146 4314 710 4457 lllrlltftltlrtztututh
762 4315 838 4442 ¹¹⁰¹?
854 4313 1140 4452 trisitate.
1175 4379 1213 4432 s,
1226 4385 1260 4431 a.
1274 4385 1307 4430 s.
1324 4382 1379 4459 a,
