2790 4792
112 191 114 201 ¹
145 205 211 269 130
595 202 627 269 o.
647 203 757 258 curru
775 203 862 257 auri

143 372 206 453 est,
238 389 335 453 quam
360 389 418 451 per
443 366 576 432 loricam
604 365 765 450 adactam,
792 369 934 430 stentem
954 367 990 430 in
1012 367 1145 432 humero
1169 369 1314 433 medicus

90 476 125 528 18
144 457 212 521 eius
234 455 402 541 Philippus
425 455 541 520 evellit.
575 453 736 519 Plurimus
759 453 874 519 deinde
896 456 1029 540 sanguis
1051 478 1182 520 manare
1206 458 1315 540 coepit

55 568 58 573 ·
143 545 293 610 omnibus
315 544 445 628 territis,
468 544 640 628 quianon,
663 565 759 627 quam
782 544 846 608 alte
864 547 1066 627 penetrasset
1079 546 1189 628 telum,
1211 546 1312 611 lorica

143 633 293 698 obstante
315 635 544 719 cognoverant.
578 631 651 714 Ipse
673 653 714 695 ne
738 632 803 696 oris
827 631 955 717 quidem
977 635 1083 698 colore
1096 636 1221 698 mutato
1238 656 1312 718 sup·

89 722 237 806 reprimi
259 722 451 807 sanguinem
474 724 507 785 et
527 721 645 785 vulnus
669 720 806 806 obligari
827 721 929 786 iussit.
960 720 1025 786 Diu
1044 726 1119 786 ante
1132 722 1204 805 ipsa
1218 723 1312 808 signa

140 811 192 874 vel
219 811 420 876 dissimulato
452 810 504 874 vel
529 809 616 874 victo
646 809 755 875 dolore
784 810 986 894 perstiterat,
1018 832 1090 874 cum
1120 833 1310 895 suppressus

139 900 239 982 paulo
265 903 340 965 ante
368 899 500 983 sanguis
527 897 775 983 medicamento,
807 920 870 982 quo
896 902 1040 963 retentus
1064 902 1146 983 erat,
1178 922 1310 964 manare

23 990 27 999 '
139 987 262 1072 largius
294 988 412 1072 coepit,
445 990 477 1050 et
508 986 638 1070 vulnus,
670 985 755 1071 quod
786 988 899 1071 tepens
931 987 1036 1052 adhuc
1068 987 1211 1052 dolorem
1242 1011 1310 1053 non

86 1096 122 1147 20
139 1080 297 1160 moverat,
323 1076 461 1162 frigente
484 1075 641 1160 sanguine
663 1075 826 1140 intumuit.
869 1072 987 1160 Linqui
1009 1075 1123 1141 deinde
1147 1077 1254 1141 animo
1279 1082 1311 1140 et

139 1165 288 1229 submitti
316 1185 402 1251 genu
431 1164 550 1246 coepit:
587 1184 682 1247 quem
710 1164 848 1247 proximi
875 1168 1043 1248 exceptum
1068 1165 1103 1229 in
1129 1168 1236 1230 castra
1261 1187 1309 1229 re-

139 1257 300 1337 ceperunt.
348 1251 394 1319 nr
419 1251 509 1317 Betis
540 1251 744 1316 interfectum
775 1255 865 1317 ratus
896 1254 1009 1317 urbem
1041 1276 1142 1319 ovans
1173 1255 1310 1318 victoria

45 1388 49 1393 -
85 1361 119 1411 21
137 1342 264 1426 repetit.
316 1341 362 1406 At
392 1339 576 1405 Alexander
606 1340 751 1405 nondum
782 1345 952 1424 percurato
984 1342 1115 1406 vulnere
1149 1362 1309 1428 aggerem,
1319 1345 1364 1408 28

138 1452 202 1514 quo
225 1431 388 1495 moenium
410 1428 614 1493 altitudinem
636 1432 797 1513 aequaret,
819 1431 976 1494 exstruxit
992 1431 1200 1514 pluribusque
1220 1433 1308 1495 cuni-

28 1600 31 1605 ,
84 1538 120 1587 22
138 1518 218 1583 culis
249 1540 358 1583 muros
389 1518 501 1582 subrui
530 1517 633 1581 iussit.
678 1516 839 1602 Oppidani
867 1518 908 1582 ad
939 1519 1111 1602 pristinum
1139 1519 1308 1604 fastigium

137 1608 301 1673 moenium
332 1629 453 1672 novum
485 1608 667 1671 exstruxere
695 1607 945 1690 munimentum,
978 1607 1033 1671 sed
1059 1629 1100 1671 ne
1123 1608 1156 1672 id
1179 1609 1307 1692 quidem

9 1768 13 1775 ,
135 1696 241 1761 turres
265 1695 378 1782 aggeri
398 1695 556 1780 inpositas
578 1697 707 1779 poterat
729 1716 875 1780 aequare.
916 1695 1029 1780 Itaque
1052 1697 1207 1761 interiora
1230 1718 1308 1780 quo-

84 1804 118 1854 23
137 1805 198 1938 qug
220 1785 310 1937 utrbis
321 1784 451 1864 infesta
472 1784 546 1848 telis
568 1781 829 1937 61611111111111116
840 1785 969 1937 ὲ1661ἰῗΓ
970 1784 1058 1937 611ἑ6
1076 1785 1140 1936 gut
1158 1786 1306 1938 {inicum

137 1895 174 1938 su
198 1895 290 1938 rous
312 1895 422 1938 murus
477 1895 511 1936 er
534 1894 623 1937 curus
646 1894 757 1937 rumas
804 1894 839 1937 os
868 1895 939 1937 sm
970 1895 1046 1937 err.
1109 1896 1307 1938 ucea1se

17 1950 20 1957 ¹
135 1983 192 2026 rex
218 1896 523 2048 antesignandspet,
554 1960 630 2024 dum
652 1960 812 2026 incautius
835 1961 935 2045 subit,
964 1983 1041 2026 saxo
1065 1984 1137 2026 crus
1161 1963 1228 2026 eius
1249 1897 1307 2026 id-

82 2070 118 2119 24
135 2049 266 2135 fligitur.
309 2048 443 2115 Innixus
468 2053 578 2113 tamen
604 2049 670 2113 telo
697 2049 842 2114 nondum
863 2049 979 2134 prioris
1002 2050 1144 2114 vulneris
1168 2051 1307 2115 obducta

136 2138 283 2203 cicatrice
304 2137 390 2202 inter
410 2137 566 2221 primores
589 2136 728 2221 dimicat,
750 2138 799 2202 irc
816 2159 943 2222 quoqne
957 2159 1119 2215 accensus,
1142 2139 1227 2224 quod
1241 2139 1308 2204 duo

15 2282 19 2291 .
82 2247 116 2295 25
134 2227 170 2290 in
193 2226 359 2292 obsidione
381 2225 470 2290 urbis
493 2225 560 2289 eius
584 2225 718 2306 vulnera
740 2229 915 2310 acceperat.
950 2225 1056 2291 Betim
1075 2229 1205 2312 egregia
1218 2228 1307 2292 edita

134 2336 245 2401 pugna
275 2314 448 2398 multisque
478 2313 665 2378 vulneribus
696 2314 878 2379 confectum
909 2315 1116 2381 deseruerunt
1145 2317 1208 2380 sui:
1245 2338 1308 2381 nec

133 2408 245 2468 tumen
271 2403 402 2489 segnius
428 2402 586 2488 proelium
613 2403 802 2486 capessebat
827 2403 959 2468 lubricis
982 2405 1080 2468 armis
1103 2427 1161 2469 suo
1184 2406 1307 2488 pariter

80 2513 116 2562 66
135 2496 231 2577 atque
257 2492 400 2557 hostium
427 2491 594 2577 sanguine.
639 2488 704 2556 Sed
725 2513 797 2556 cum
819 2491 960 2576 undique
981 2492 1055 2556 telis
1071 2498 1236 2577 peteretur,
1263 2496 1309 2558 cul

128 2587 317 2664 postrenum
338 2580 493 2646 nicusus
514 2579 630 2644 uiribus
651 2580 738 2645 uirus
760 2582 795 2644 in
811 2585 990 2663 potestaten
1012 2581 1144 2647 hostiurn
1156 2584 1304 2664 punenii.

170 2815 211 2862 18.
229 2825 268 2861 66
285 2809 354 2862 oris
372 2808 507 2875 quiden.
539 2806 616 2861 Ne..
631 2808 690 2876 qui·
743 2807 796 2861 wie
814 2807 898 2877 Verg.
916 2808 984 2862 Aen.
1005 2816 1028 2863 6.
1046 2815 1095 2862 111
1114 2810 1252 2877 nudisque
1270 2826 1305 2862 erc

133 2880 193 2933 den
223 2877 335 2932 benieht
365 2877 425 2931 sich
456 2878 507 2931 aul
531 2877 576 2930 die
603 2893 690 2946 ganze
742 2879 815 2932 hoste
831 2879 926 2946 recepi.

133 2948 238 3002 Phrase
257 2966 278 3001 s.
297 2947 369 3001 Einl.
388 2952 411 3012 ξ.
432 2952 464 3001 51
479 2946 498 3000 f.
535 2947 627 3001 Ueber
644 2947 689 3002 die
779 2955 822 3002 22.
841 2949 882 3002 acl
895 2966 946 3018 pr.
965 2948 1152 3018 facticium.
1174 2949 1220 3003 Sic
1235 2950 1303 3004 bau·

132 3018 330 3088 Verwundung
348 3016 527 3072 Alexander's
547 3034 597 3072 vor
615 3017 690 3072 Gaza
742 3021 791 3072 ten
817 3037 851 3072 zu
878 3017 943 3073 dem
969 3018 1174 3074 Vorhandenen
1201 3020 1303 3074 hinzu

130 3089 188 3162 vgl.
207 3090 279 3144 auch
296 3091 357 3143 Arx.
376 3095 401 3142 2.
421 3094 463 3143 27.
742 3089 768 3143 d.
791 3090 819 3145 11.
847 3089 906 3159 auf,
938 3090 1007 3144 fiber
1035 3090 1202 3145 demselben.
1245 3091 1304 3146 Der

169 3168 208 3216 19.
239 3163 442 3229 'suppressus
472 3177 506 3211 zu
537 3157 690 3213 verbinden
741 3160 1304 3229 Ausdruclristeuffallend.—infeclu

130 3232 184 3287 mit
201 3233 405 3296 medicamento,
433 3247 454 3283 s.
473 3227 546 3284 Einl.
569 3235 592 3294 ξ.
612 3235 645 3283 51
660 3230 687 3284 b.
742 3256 776 3277 =
798 3231 940 3297 unsicher,
971 3231 1120 3301 gefthrdet
1150 3232 1204 3287 wie
1232 3233 1301 3287 Sall.

131 3334 165 3343 -
184 3309 296 3371 tepens
313 3303 427 3357 ndlruc.
449 3301 517 3354 Man
529 3299 688 3370 vergleiche
741 3304 806 3372 lug.
825 3309 858 3358 89
878 3303 971 3357 omnio
986 3303 1088 3370 infeste
1105 3305 1281 3372 serpentibus.

131 3373 176 3427 dic
207 3373 237 3427 in
265 3373 345 3443 jeder
371 3371 529 3442 Beziehung
559 3371 687 3426 thuliche
777 3379 819 3428 23.
847 3374 1008 3428 subrutus
1029 3391 1077 3441 16,
1104 3374 1150 3428 flir
1169 3375 1214 3428 ein
1232 3375 1301 3429 Ver-

131 3443 218 3498 Stelle
243 3450 283 3498 15.
305 3450 336 3497 ll
364 3443 463 3497 calidis
485 3444 575 3497 adbuc
595 3443 687 3497 uulue-
741 3444 955 3509 balsubstantiv,
973 3462 995 3499 s.
1008 3443 1081 3498 Einl.
1100 3450 1124 3509 ξ.
1139 3451 1172 3499 36
1180 3447 1299 3512 6.-61,

129 3516 208 3569 ribus
225 3520 271 3568 etc.
297 3545 330 3553 —
358 3515 504 3582 friyenle
521 3517 574 3567 wie
592 3514 688 3583 friyec·
740 3514 794 3569 wie
811 3515 874 3569 wir:
894 3532 924 3570 er
935 3514 1029 3569 flihrte
1044 3515 1227 3570 dchortrab
1240 3517 1299 3569 und

128 3601 191 3641 cens
207 3587 307 3639 uulnus
328 3591 352 3639 8.
374 3591 414 3639 10.
433 3590 475 3639 29.
741 3617 775 3625 -
793 3585 863 3639 wird
880 3584 1024 3656 getroffen.

165 3663 208 3712 20.
236 3656 348 3723 linqui
366 3657 457 3711 anino
484 3654 567 3709 sowie
586 3655 687 3724 linquit
775 3662 817 3711 24.
832 3658 903 3711 duo.
933 3656 1299 3727 DicrweiteVerwundung

126 3731 192 3796 (ne)
210 3728 332 3793 unimus,
351 3743 371 3780 s.
391 3733 415 3781 6.
435 3732 459 3779 9.
479 3732 522 3794 33,
540 3725 603 3779 sind
620 3743 685 3795 poe·
739 3726 879 3782 berichtet
895 3727 924 3781 C.
943 3727 1037 3781 allein.

127 3799 201 3854 tisch
224 3817 251 3852 u.
270 3797 474 3851 nachclassisch
495 3796 541 3850 fiir
558 3798 685 3866 relinqui,
774 3804 817 3852 111.
845 3799 950 3864 edila,·
982 3800 1056 3852 edere
1071 3800 1206 3866 proelium
1225 3816 1252 3851 u.
1272 3803 1299 3854 ‘a

126 3871 206 3938 clerici
228 3871 331 3935 anino,
358 3869 489 3937 relinquit
510 3883 551 3921 rue
568 3869 685 3923 unimus.
739 3868 826 3924 sehon
842 3868 890 3922 bei
906 3869 966 3923 Liv.
981 3900 1015 3908 -
1034 3869 1233 3923 lubricis...
1249 3887 1298 3925 ur·

125 3940 193 4011 Vgl.
220 3939 265 3995 die
293 3938 422 3993 ahnliche
446 3937 533 3992 Stelle
558 3943 582 3991 9.
607 3945 630 3991 5.
650 3945 684 3994 28
738 3940 798 3994 nis
815 3939 867 3992 hat
884 3939 1062 3994 concessiven
1081 3940 1157 3994 Sinn.

126 4013 213 4080 coepit
235 4012 325 4080 linqui
347 4012 514 4064 animorcu.
542 4038 575 4046 —
602 4025 685 4078 9666
774 4016 816 4065 26.
849 4012 939 4064 alius
962 4036 996 4056 =
1021 4010 1133 4065 ‘sonet
1153 4011 1298 4065 immer'.

127 4082 180 4136 wie
206 4083 319 4151 penitus
347 4081 482 4134 submisso
513 4078 685 4148 (Iphipenic)
738 4110 772 4119 -
790 4082 939 4147 mirator,
956 4083 1031 4150 poet.
1050 4100 1077 4135 u.
1094 4082 1296 4137 nachcl.=ed·

125 4151 206 4205 Lucr.
226 4161 250 4207 1.
269 4159 311 4207 92.
346 4152 481 4206 Daneben
501 4148 599 4205 hacc.
622 4150 683 4204 661-
735 4152 1296 4207 mirator.-inueniri=ersonnen

124 4223 230 4276 mittne
246 4239 336 4292 96666
355 4230 379 4278 6.
390 4228 414 4276 ὅ.
426 4228 472 4286 183
490 4236 517 4274 ce
530 4220 684 4276 submittere
735 4223 881 4290 werden;
901 4225 1011 4291 coyila
1025 4248 1059 4268 =
1072 4224 1153 4277 wisse
1172 4225 1230 4278 und
1248 4225 1294 4278 be-

123 4291 218 4346 neben
236 4294 408 4361 procumbere
430 4296 462 4347 in
483 4308 572 4360 penna
595 4298 682 4349 8.14.
735 4292 825 4348 denke
847 4293 894 4348 bei
912 4293 1022 4350 deinem
1039 4294 1202 4349 Verbalten.
1238 4295 1295 4350 Das

71 4324 173 4472 νῦ.
194 4392 227 4401 -
249 4370 444 4433 receperunt
467 4388 501 4408 =
522 4363 681 4434 retteten,
734 4363 960 4434 vorsusgehende
973 4365 1127 4421 ulcoluisli
1136 4366 1213 4420 kann
1222 4366 1295 4420 doch
