2790 4792
384 252 640 309 HISTORIARUM
657 253 874 309 ALEXANDRI
890 255 943 325 IV,
963 263 1005 313 14.
1221 256 1283 322 159

602 447 679 514 Ore.
702 450 791 515 XIV.

198 571 359 637 ‘Emensis
383 576 433 638 tot
455 577 558 638 terras
581 574 616 637 in
635 595 726 657 spem
744 575 905 659 victoriae,
928 575 967 639 de
985 597 1049 659 qua
1067 576 1284 640 dimicandum
1304 601 1319 648 1

102 661 204 745 foret,
234 662 297 725 hoe
328 683 429 725 unum
461 683 626 745 superesse
654 662 833 728 discrimen.
880 661 1054 728 Granicum
1080 663 1133 727 hie
1156 685 1284 729 amnem

106 747 299 833 Ciliciaeque
335 753 462 814 montes
499 754 532 813 et
563 747 691 832 Syriam
722 752 971 836 Aegyptumque
1007 752 1284 835 praetereuntibus

105 840 230 920 raptas,
252 838 398 922 ingentia
421 838 490 921 spei
512 839 697 923 gloriaeque
718 839 937 922 incitamenta,
958 840 1125 904 referebat.
1165 839 1322 923 Reprer

104 926 225 990 hensos
254 947 292 989 ex
318 925 398 1011 fuga
425 926 541 991 Persas
568 931 782 1011 pugnaturos,
815 929 890 1012 quia
917 927 1026 1012 fugere
1054 949 1122 993 non
1143 931 1284 1011 possent

106 1014 251 1078 Tertium
274 1014 340 1077 iam
363 1015 448 1079 diem
471 1018 559 1079 metu
582 1037 758 1102 exangues,
790 1017 887 1080 armis
911 1017 977 1080 suis
1001 1018 1151 1081 oneratos
1174 1016 1209 1079 in
1233 1038 1284 1081 co-

106 1103 180 1166 dem
203 1102 340 1186 vestigio
363 1103 502 1169 haerere.
547 1103 682 1169 Nullum
705 1105 936 1188 desperationis
959 1104 1087 1169 illorum
1110 1105 1214 1168 maius
1237 1105 1284 1168 in·

107 1191 228 1255 dicium
251 1211 329 1273 esse,
353 1214 449 1275 quam
473 1193 558 1275 quod
581 1193 685 1276 urbes,
708 1194 794 1277 quod
817 1214 912 1278 agros
937 1214 1012 1257 suos
1031 1196 1171 1275 urerent,
1194 1191 1284 1276 quid-

107 1280 184 1365 quid
211 1301 279 1344 non
307 1281 537 1364 corrupissent,
568 1281 711 1346 hostium
739 1303 808 1346 esse
830 1281 977 1346 confessi.
1022 1280 1166 1346 Nomina
1188 1280 1320 1351 modos

105 1391 193 1433 vana
216 1368 361 1453 gentium
379 1368 565 1453 ignotarum
581 1391 623 1433 ne
642 1370 897 1434 extimescerent:
920 1391 1024 1454 neque
1044 1370 1130 1434 enim
1149 1368 1190 1432 ad
1208 1368 1284 1431 belli

107 1457 280 1521 discrimen
302 1457 474 1540 pertinere,
507 1457 562 1541 qui
585 1458 626 1522 ab
648 1457 688 1521 iis
713 1454 849 1541 Scythae
873 1459 967 1541 quive
992 1456 1123 1522 Cadusii
1145 1456 1284 1540 appella·

106 1548 227 1609 rentur.
264 1543 314 1609 Ob
337 1545 370 1609 id
392 1546 507 1628 ipsum,
531 1545 617 1629 quod
638 1545 743 1630 ignoti
762 1550 878 1628 essent,
900 1547 1061 1631 ignobiles
1084 1567 1168 1610 esse:
1192 1566 1283 1609 num-
1303 1567 1320 1614 4

107 1656 205 1719 quam
229 1633 372 1717 ignorari
394 1634 480 1697 viros
504 1632 616 1716 fortes,
649 1638 684 1697 at
709 1634 845 1698 inbelles
869 1656 907 1698 ex
929 1635 1062 1698 latebris
1086 1634 1152 1698 suis
1176 1634 1284 1696 erutos

106 1723 189 1786 nihil
211 1725 340 1805 praeter
360 1722 493 1785 nomina
516 1721 649 1787 adferre.
685 1720 879 1787 Macedonas
902 1722 1020 1786 virtute
1043 1721 1221 1803 adsecutos,
1243 1740 1284 1783 ne

108 1812 180 1896 quis
208 1813 279 1874 toto
307 1810 383 1873 orbe
413 1810 503 1874 locus
532 1814 630 1892 esset,
663 1811 718 1894 qui
744 1811 825 1874 tales
848 1810 934 1874 viros
957 1811 1132 1894 ignoraret.
1176 1807 1321 1877 Intus-5

107 1903 219 1962 rentur
241 1898 451 1963 barbarorum
474 1897 676 1963 inconditum
699 1920 828 1984 agmen:
862 1898 960 1961 aliurn
982 1897 1066 1961 nihil
1088 1897 1216 1979 praeter
1238 1896 1284 1958 ia-

107 1988 215 2051 culum
233 1986 362 2069 habere,
385 1986 483 2049 alium
500 1986 602 2050 funda
621 2008 698 2050 saxa
716 1988 843 2069 librare,
863 1986 973 2070 paucis
992 1986 1078 2049 iusta
1097 2006 1187 2048 arma
1205 2004 1284 2048 esse.

106 2075 222 2158 Itaque
244 2074 334 2138 illinc
356 2075 463 2157 plures
488 2078 586 2138 stare:
610 2075 686 2138 hinc
708 2076 817 2158 plures
839 2074 1056 2138 dimicaturos.
1087 2071 1157 2137 Nec
1175 2076 1323 2155 postu-s

106 2165 174 2228 lare
198 2184 245 2246 se,
275 2165 312 2226 ut
334 2161 461 2226 fortiter
484 2167 689 2246 capesserent
710 2163 881 2246 proelium,
908 2163 944 2226 ni
966 2163 1035 2245 ipse
1059 2161 1171 2225 ceteris
1195 2159 1284 2224 forti·

107 2252 229 2316 tudinis
257 2250 373 2314 fuisset
401 2252 594 2335 exemplum:
633 2273 666 2316 se
697 2255 771 2315 ante
797 2252 902 2334 prima
929 2251 1024 2336 signa
1051 2250 1285 2314 dimicaturum.

109 2339 272 2423 Spondere
299 2360 358 2421 pro
383 2361 416 2403 se
438 2341 489 2404 tot
511 2340 687 2423 cicatrices,
718 2339 854 2404 totidem
877 2339 1020 2423 corporis
1044 2339 1171 2404 deeora:
1205 2337 1286 2401 scire

109 2430 198 2512 ipsos
222 2449 323 2492 unum
344 2449 447 2512 paene
471 2450 505 2491 se
531 2429 668 2511 praedae
697 2427 876 2492 communis
900 2431 1060 2491 exsortem
1087 2427 1209 2490 inillis
1233 2447 1285 2489 eo·

109 2516 211 2581 lendis
245 2516 459 2599 ornandisque
486 2537 641 2600 usurpare
669 2515 821 2580 victoriae
846 2515 998 2599 praemia.
1043 2513 1133 2578 Haeo
1160 2536 1193 2578 se
1220 2515 1284 2577 for-

109 2606 196 2669 tibus
224 2603 301 2667 viris
329 2603 441 2669 dicere.
487 2602 522 2668 si
548 2605 603 2688 qui
626 2604 797 2669 dissimiles
821 2625 931 2668 eorum
954 2605 1075 2684 essent,
1107 2601 1164 2664 illa
1185 2601 1322 2669 fuisset

726 2777 837 2831 konnen
850 2776 943 2830 weder
958 2776 1004 2830 die
1017 2775 1207 2830 betreffenden
1218 2773 1284 2828 Vol-

314 2829 376 2884 cfl'·
396 2829 469 2886 XIV·
554 2909 555 2913 ἵ
726 2848 776 2902 ker
798 2848 870 2902 noeh
888 2847 949 2902 ihre
968 2848 1086 2901 Numen.
1115 2878 1148 2886 —
1177 2844 1286 2900 Ouda-

148 2926 170 2973 1.
190 2919 290 2985 foret3
307 2917 386 2972 Sinn:
402 2918 448 2973 ein
456 2917 530 2989 Sieg,
540 2919 590 2973 der
599 2920 672 2974 noch
725 2920 785 2985 sii,
804 2917 849 2973 ein
868 2915 997 2972 ziemlich
1015 2917 1178 2985 bekanntes,
1197 2915 1285 2968 durch

111 2990 203 3044 werde
218 2988 331 3043 erkauft
341 2989 454 3043 werden
463 2995 574 3044 mussan
583 2990 672 3044 durch
726 2989 802 3044 seine
827 2988 992 3057 Tapterlreit
1013 2989 1174 3042 berflhmtes
1196 2984 1289 3052 Volk,

111 3061 194 3116 einen
211 3059 340 3129 Kampf.
374 3090 407 3098 —
439 3061 492 3114 hic
516 3061 563 3115 bei
581 3061 671 3116 dieser
726 3060 799 3115 doeh
815 3060 930 3114 werden
948 3058 987 3112 sie
1007 3059 1078 3114 auch
1093 3058 1152 3112 Liv.
1168 3063 1210 3112 35.
1219 3062 1285 3111 484

111 3130 310 3201 Gelegenheit,
337 3131 379 3185 im
396 3130 547 3185 Auschluss
571 3131 669 3198 daran3
724 3134 807 3186 nnter
821 3130 875 3185 den
888 3127 1286 3199 uomiaopentiumoiafondo

111 3202 281 3269 referebat
299 3202 352 3256 wie
367 3208 391 3256 2.
409 3207 440 3255 17
459 3220 486 3256 u.
501 3207 527 3258 ὃ,
546 3233 579 3242 -
599 3220 672 3272 rap·
726 3203 826 3257 aada'ta
845 3200 1014 3271 eufgefdhrt.
1036 3199 1090 3253 Die
1099 3198 1214 3267 Scythae
1227 3196 1286 3250 und

110 3280 163 3329 tus
189 3271 244 3326 wie
272 3278 364 3327 costra
381 3273 475 3341 primo
497 3275 600 3342 impetu
626 3290 672 3327 ra·
727 3271 843 3328 Cadusii
861 3271 974 3326 werden
989 3285 1148 3324 zusammen
1161 3269 1288 3338 genennt
1368 3270 1372 3277 '

106 3361 173 3413 pere
201 3368 235 3389 =
261 3344 308 3398 im
329 3343 435 3413 Fluge
460 3343 602 3398 erobern
624 3342 672 3398 bei
726 3343 798 3397 auch
816 3343 877 3398 Arr.
897 3349 922 3397 3.
943 3347 984 3395 19.
1004 3347 1033 3407 4;
1052 3339 1133 3394 Diod.
1155 3344 1195 3392 17.
1211 3342 1285 3393 5115

110 3415 215 3470 Livius.
724 3431 752 3466 u.
775 3414 863 3468 unten
887 3418 928 3467 15.
949 3418 990 3465 12.
1094 3411 1144 3463 der
1171 3416 1194 3464 1.
1213 3408 1285 3462 nufl.

147 3483 670 3554 2.repret.erfa9a=ergrif-
725 3483 820 3538 stand:
852 3483 994 3553 qaiAbs'i
1038 3481 1181 3550 cytharam
1208 3481 1286 3549 quive

110 3554 467 3623 fenaufderFlucht,
486 3554 671 3637 gehindert
726 3553 930 3624 dammim
953 3552 1145 3622 ignobiles.
1183 3550 1287 3605 Ueber-

111 3645 151 3682 an
170 3628 229 3682 der
246 3626 378 3681 Fluoht.
414 3627 447 3679 ln
465 3625 569 3680 diesem
588 3625 672 3680 Sinne
727 3626 813 3678 setze:
832 3622 911 3678 nicht
928 3623 1019 3678 werth
1032 3622 1158 3694 gehannt
1171 3640 1205 3676 zu
1218 3620 1286 3676 sein.

111 3699 232 3753 brauoht
255 3696 340 3752 cesar
362 3697 399 3765 (b.
419 3714 442 3751 c.
464 3704 487 3751 1.
507 3703 549 3752 28.
568 3697 595 3765 4)
624 3697 673 3752 das
763 3700 788 3748 t.
816 3696 908 3748 iusta
931 3719 965 3740 =
983 3693 1153 3764 regelreoht,
1177 3692 1288 3746 ordent
1359 3704 1362 3709 ’

112 3769 204 3824 blosse
236 3769 434 3837 reprelwudcre.
472 3799 506 3808 -
543 3767 579 3820 ia
605 3768 672 3822 cod.
727 3763 913 3833 lich,wie9.
934 3770 1101 3819 7.19u.6.

113 3846 189 3894 vest.
207 3840 352 3894 tuerere.
385 3837 422 3893 So
440 3844 465 3892 3.
487 3844 527 3892 11.
547 3843 563 3891 5
582 3840 614 3892 io
632 3854 674 3893 eo·
764 3843 788 3890 6.
807 3836 942 3903 fuisset,
962 3834 1067 3889 direkt:
1084 3836 1176 3902 fuer03
1195 3832 1286 3900 vgl.§.

114 3911 172 3964 ἀενη
190 3911 302 3980 uestigio
319 3915 400 3965 stare.
424 3908 489 3979 Vgl.
509 3914 533 3964 5.
549 3916 565 3964 2
584 3910 674 3963 eodem
727 3911 771 3961 25.
790 3936 824 3944 -
851 3906 1011 3973 spondere
1032 3906 1086 3959 mit
1107 3903 1192 3958 steht.
1217 3901 1287 3955 Sub-

114 3983 226 4051 oeetipio
243 3986 306 4036 stat.
326 4011 359 4020 —
383 3981 490 4035 maias
508 3981 674 4035 indiciam
723 3975 789 4046 jekt
830 3976 904 4043 poet.
923 3992 950 4030 u
969 3975 1077 4030 nuchul.
1097 4006 1129 4014 -
1159 3974 1287 4038 decoro,

114 4053 167 4107 wie
187 4059 228 4109 10.
244 4057 269 4106 5.
282 4057 316 4106 25
334 4067 464 4120 mannaim
477 4053 673 4107 documentum.
728 4018 852 4101 n'amiich
874 4045 955 4128 nach¹
966 4045 1056 4100 seiner
1073 4045 1202 4110 Ansieht;
1230 4043 1287 4111 Ap·

115 4122 151 4178 So
174 4121 281 4191 spricht
303 4123 375 4177 auch
399 4121 495 4177 Cicero
519 4138 575 4176 von
598 4121 675 4176 einer
728 4135 787 4188 pos.
806 4134 839 4170 zu
858 4121 1004 4170 manaem.
1024 4147 1058 4155 -
1075 4132 1287 4184 πατρωνει-

114 4210 216 4263 mopau
229 4209 336 4263 caussa,
354 4193 446 4248 einem
459 4209 589 4263 mappam
602 4194 674 4247 teeti-
728 4186 954 4260 gebrauchen‚
968 4186 1175 4253 verwenden,
1185 4186 1287 4240 constr.

114 4267 236 4319 monium
253 4283 280 4320 u.
300 4265 357 4334 dgl.
728 4260 782 4316 wie
801 4273 954 4314 rotumum
970 4257 1003 4310 ia
1020 4272 1056 4338 re,

151 4343 175 4392 3.
195 4337 234 4391 ab
253 4337 311 4403 iis,
339 4336 366 4390 d.
385 4336 403 4390 i.
427 4354 446 4390 a
465 4336 574 4401 Persia
601 4334 675 4388 denn
766 4337 790 4384 ⁷.
809 4346 965 4385 eorum=
980 4327 1094 4395 fortium
1110 4327 1240 4381 uirorron.
1254 4357 1287 4366 —

116 4407 219 4461 andere
236 4406 386 4473 Nationen,
404 4405 494 4462 meint
509 4405 674 4472 Alexander,
724 4407 803 4470 post
820 4407 955 4475 tergum,
977 4396 1048 4454 auch
1061 4396 1108 4452 bei
1119 4395 1194 4453 Caes.
1208 4396 1288 4452 bis-u.
