2790 4792
370 244 624 301 fflsronlamu
641 244 855 299 ALEXAXDRI
873 243 911 312 V,
931 250 972 298 13.
1190 242 1254 307 211

32 408 76 475 36
174 404 263 469 Haec
286 412 437 491 agentem
455 406 674 471 Alexandrum
696 405 815 469 adeunt
834 404 957 470 Orsilos
980 410 1013 468 et
1025 403 1255 469 Mithracenes:
1273 425 1290 473 a

85 492 179 558 Bessi
204 494 410 577 parricidium
437 496 525 559 exosi
551 495 794 577 transfugerant
821 492 1080 576 nuntiabantque
1104 492 1209 555 stadia
1230 511 1255 556 1)

86 582 198 645 abesse
225 580 355 665 Persas,
385 582 474 664 ipsos
505 582 633 645 brevius
663 582 726 645 iter
756 585 1001 646 monstraturos.
1045 578 1164 643 Gratus
1186 581 1309 665 regim

85 668 243 733 adventus
264 670 509 754 transfirgarum
530 669 601 733 fuit.
636 669 750 752 Itaque
772 670 876 752 prima
898 690 1033 751 vespera
1056 667 1191 732 ducibus
1214 669 1257 732 is·

85 758 157 821 dem
179 778 253 821 cum
276 758 424 840 expedita
445 758 590 843 equitum
611 779 710 820 manu
732 760 946 821 monstratam
968 757 1055 819 riam
1077 755 1257 839 ingreditur

84 845 259 929 phalange,
291 851 448 928 quantum
478 846 633 909 festinare
659 849 782 928 posset,
814 845 905 927 sequi
931 845 1029 907 iussa.
1077 842 1153 926 Ipse
1179 865 1256 926 qua·

85 932 178 997 drato
206 933 333 1017 agmine
355 933 505 997 incedens
527 935 574 997 ita
596 955 725 998 cursum
746 932 893 1017 regebat,
923 936 960 995 ut
982 931 1080 1014 primi
1103 931 1257 1015 coniungi

85 1021 208 1084 ultimis
230 1026 372 1104 possent.
408 1039 471 1086 cco
488 1021 591 1084 stadia
614 1026 846 1104 processerant,
867 1042 941 1083 cum
963 1020 1102 1084 occurrit
1114 1017 1255 1083 Brochu-
1276 1040 1308 1088 11

85 1108 185 1192 belus,
205 1107 329 1172 Mazaei
351 1109 444 1189 filius,
467 1106 580 1190 Syriae
600 1109 762 1191 quondam
779 1114 918 1190 praetor.
954 1106 987 1171 Is
1007 1129 1133 1192 quoque
1150 1111 1256 1171 trans-

85 1196 163 1280 fuga
185 1197 370 1260 nuntiabat:
394 1195 542 1259 ‘Bessum
564 1195 651 1260 haud
674 1196 812 1279 amplius
834 1218 932 1280 quam
955 1213 997 1260 cc
1014 1195 1118 1259 stadia
1135 1196 1256 1260 abesse.

83 1282 283 1366 Exercitum,
310 1288 423 1366 utpote
445 1285 500 1365 qui
521 1283 603 1347 scibit
624 1287 842 1367 praecaveret,
873 1284 1115 1367 inconpositum
1137 1284 1257 1348 inordi-

84 1375 261 1454 natumque
279 1371 460 1454 procedere.
495 1371 696 1455 Hyrcaniam
715 1372 815 1435 videri
833 1372 1000 1454 petituros.
1037 1369 1072 1435 Si
1088 1371 1258 1435 festinaret

84 1460 174 1543 sequi
199 1459 362 1542 palantes,
384 1464 661 1542 superventurum.
706 1458 848 1522 Dareum
871 1459 976 1523 adhuc
997 1458 1126 1523 rivere?
1171 1457 1310 1527 Stre-12

83 1567 149 1610 nuo
175 1546 319 1630 alioquin
342 1547 551 1630 cupiditatem
573 1546 790 1630 consequendi
807 1548 978 1632 transfuga
994 1549 1157 1612 iniecerat.
1191 1548 1257 1613 Ita-

84 1655 146 1716 que
179 1635 357 1700 calcanbus
389 1635 526 1698 subditis
559 1634 660 1698 effuso
692 1655 788 1698 cursu
820 1638 907 1698 eunt.
950 1634 1083 1719 Iamque
1108 1637 1257 1701 fremitus

84 1720 228 1786 hostium
254 1723 317 1786 iter
343 1722 593 1807 ingredientium
620 1722 862 1805 exaudiebatur,
894 1721 950 1785 sed
972 1729 1178 1806 prospectum
1200 1725 1255 1788 ad-

83 1812 205 1873 emerat
227 1810 368 1892 pulveris
390 1811 501 1874 nubes.
537 1808 707 1893 Paulisper
729 1830 806 1893 ergo
828 1808 972 1872 inhibuit
993 1830 1131 1892 cursum,
1154 1811 1255 1877 donec
1275 1833 1308 1880 13

83 1897 263 1961 consideret
294 1898 409 1981 pulvis.
454 1897 588 1982 Iamque
616 1898 780 1980 conspecti
808 1919 827 1960 a
855 1896 1003 1960 barbaris
1030 1902 1123 1961 erant
1145 1902 1178 1962 et
1200 1900 1255 1963 ab

83 1985 232 2048 euntium
251 2006 368 2070 agmen
385 1989 630 2069 conspexerant,
652 2006 854 2069 nequaquam
872 1985 974 2048 futuri
990 2007 1093 2068 pares,
1113 1987 1142 2049 si
1154 1985 1255 2052 Besso

83 2076 212 2136 tantum
244 2074 343 2136 animi
374 2073 488 2137 fuisset
519 2072 562 2136 ad
589 2074 762 2156 proelium,
798 2076 956 2156 quantum
982 2073 1023 2136 ad
1050 2073 1255 2157 parricidium

81 2159 198 2225 fuerat.
237 2159 387 2245 Namque
409 2166 442 2225 et
463 2183 598 2225 numero
621 2161 751 2225 barbari
773 2161 985 2244 praestabant-
1007 2164 1040 2224 et
1061 2162 1190 2226 robore:
1213 2162 1255 2226 ad

80 2248 143 2313 hoc
170 2248 284 2313 refecti
310 2271 384 2312 cum
411 2249 558 2334 fatigatis
580 2252 742 2313 certamen
767 2248 880 2312 inituri
907 2252 1009 2312 erant.
1053 2246 1116 2312 Sed
1137 2271 1255 2314 nomen
1273 2270 1307 2319 14

80 2335 256 2400 Alexandri
278 2339 311 2400 et
333 2337 433 2419 fama,
460 2338 636 2401 maximum
658 2339 694 2401 in
716 2337 802 2401 bello
825 2337 937 2419 utique
959 2342 1172 2419 momentum,
1197 2360 1253 2422 pa-

23 2424 68 2487 37
80 2423 172 2487 vidos
199 2424 235 2487 in
262 2425 375 2508 fugam
402 2426 527 2488 avertit.
571 2424 690 2489 Bessus
717 2446 793 2489 vero
821 2428 854 2488 et
882 2425 979 2488 ceteri
1005 2424 1158 2489 facinoris
1185 2426 1253 2490 eius
1273 2444 1306 2493 15

80 2511 253 2594 participes
290 2512 472 2576 vehiculum
503 2510 601 2576 Darei
633 2513 776 2576 adsecuti
809 2514 984 2594 coeperunt
1013 2511 1138 2577 hortari
1170 2535 1252 2597 eum,

80 2599 310 2663 conscenderet
332 2622 450 2683 equum
468 2605 501 2663 et
524 2621 558 2663 se
576 2601 664 2664 hosti
681 2601 761 2683 fuga
778 2599 925 2683 eriperet.
959 2598 1019 2662 Ille
1037 2599 1113 2664 deos
1132 2601 1252 2664 ultores
1272 2619 1305 2669 16

80 2686 191 2751 adesse
219 2690 358 2751 testatur
385 2692 418 2751 ct
444 2688 621 2752 Alexandri
646 2687 743 2751 fidem
770 2688 937 2770 inplorans
964 2690 1064 2770 negat
1091 2709 1124 2751 se
1152 2688 1252 2771 parri-

79 2773 167 2837 cidas
194 2775 276 2838 velle
303 2776 459 2839 comitari.
504 2775 586 2839 Tum
614 2796 690 2839 vero
717 2776 766 2838 ira
793 2795 919 2859 quoque
942 2775 1068 2838 accensi
1089 2775 1156 2839 tela
1177 2797 1252 2840 con·

78 2861 181 2924 iciunt
216 2863 251 2925 in
282 2883 392 2947 regem
422 2864 595 2947 multisque
626 2863 814 2927 confossum
844 2862 1031 2926 vulneribus
1057 2864 1253 2948 relinquunt

77 3033 202 3102 bepaclrt
219 3034 273 3088 wie
288 3034 339 3089 das
350 3035 497 3103 Fussrollr,
515 3036 583 3089 aber
596 3036 636 3090 sie
690 3037 737 3091 bei
754 3035 865 3104 Arrian,
883 3036 932 3090 der
948 3035 999 3089 ihn
1017 3038 1070 3090 mit
1087 3037 1252 3106 Bagistanes

77 3103 198 3170 ritten3
212 3106 383 3173 pedestris
396 3105 472 3160 kann
484 3106 638 3162 Praedilrat
691 3110 725 3174 (ξ.
740 3111 767 3174 2)
785 3107 918 3160 lrommen
933 3107 1013 3160 lasst.

76 3192 111 3227 zu
128 3176 200 3228 acies
217 3174 277 3228 sein
299 3175 366 3229 oder
383 3178 447 3243 ped.
465 3178 538 3230 acies
553 3177 636 3232 Prae·
727 3183 768 3230 12.
782 3176 1031 3245 alioquimhier:
1045 3175 1250 3245 uberhaupt,

77 3243 159 3299 diluat
175 3263 210 3298 au
227 3245 257 3298 lsi
273 3245 347 3298 nach
364 3245 438 3299 Einl.
456 3251 480 3311 ξ.
500 3252 542 3300 25.
690 3264 730 3299 an
749 3246 822 3299 sich
840 3247 956 3311 schon3
975 3245 1078 3298 ebenso
1096 3252 1122 3297 4.
1141 3251 1251 3300 115.-

113 3320 138 3368 9.
177 3314 306 3369 Orsilos
336 3321 367 3369 et
398 3317 635 3371 Mithracenes.
689 3313 1250 3372 calcaribussubditiswieldull.

76 3383 163 3438 Beide
179 3384 297 3439 Manner
313 3387 392 3440 sonat
407 3385 487 3440 nicht
502 3387 635 3440 bekannt.
689 3416 723 3424 -
743 3387 868 3451 effuso,
885 3385 938 3438 wie
955 3385 1033 3437 sonst
1049 3385 1142 3451 effusi,
1161 3386 1251 3453 effusa

75 3455 473 3581 metumtot
491 3472 637 3580 Ἥ
689 3455 1252 3581 tractatum“tested

75 3594 135 3647 una
152 3544 563 3664 mhomouinehc’mbr
580 3596 636 3650 cio.
690 3603 716 3650 a.
736 3602 778 3649 21.
797 3602 822 3649 s.
846 3625 879 3633 -
907 3540 1082 3647 tabita.
1120 3569 1185 3666 vgi.
1204 3570 1251 3652 ὥθ’

76 3664 114 3718 ad
131 3665 191 3720 Att.
210 3671 236 3720 4.
256 3666 304 3721 sb.
323 3669 360 3734 3).
689 3683 762 3736 ganz
779 3663 909 3719 dhnliche
928 3663 1015 3717 Stelle
1032 3671 1058 3717 4.
1078 3671 1120 3719 15.
1139 3673 1182 3722 32.

114 3740 156 3789 10.
184 3752 253 3790 cam
275 3737 386 3805 eaped.
408 3738 507 3805 equit.
530 3754 638 3802 mana,
728 3742 769 3791 14.
794 3735 968 3788 maximum
986 3742 1176 3789 momentum
1201 3737 1250 3791 be·

76 3804 105 3858 d.
126 3804 154 3860 h.
181 3806 236 3859 mit
258 3806 308 3860 der
329 3810 353 3870 §-
377 3813 393 3861 8
419 3807 637 3861 beschriebenen
690 3805 767 3860 zieht
792 3805 853 3859 sich
878 3821 930 3857 nur
956 3802 1007 3856 auf
1028 3804 1106 3868 foma
1128 3830 1163 3850 =
1183 3805 1250 3860 ‘der

76 3873 190 3930 Schsar.
209 3906 243 3915 -
262 3877 418 3931 incedens
435 3876 489 3931 wie
507 3878 579 3932 auch
596 3880 638 3931 ire
689 3876 784 3929 Ruhm
802 3872 999 3929 desFeindes'.
1024 3873 1154 3929 Dieselbe
1170 3876 1249 3941 samu

74 3943 155 3999 bisw.
169 3962 225 4001 von
236 3946 404 4001 Reitern.—
419 3953 564 4015 possent,
582 3947 636 4001 wie
689 3946 778 4000 heisst
804 3946 1020 4013 infinitissimam
1046 3945 1128 3998 telum
1155 3947 1248 4000 adser-

76 4021 104 4069 4.
123 4022 164 4070 13.
184 4022 218 4070 32
240 4018 311 4071 verti
324 4023 447 4086 possent,
469 4017 593 4071 nltmlich
610 4018 637 4071 si
688 4032 736 4071 sus
751 4018 836 4084 fortes
853 4022 879 4070 4.
899 4021 942 4069 14.
962 4021 1003 4068 13.

76 4090 217 4154 oporteret.
252 4086 306 4141 Die
332 4087 464 4157 Fdhlung
490 4088 540 4142 der
566 4087 635 4140 Teto
726 4094 767 4142 lo.
786 4088 861 4142 deos
878 4088 1004 4140 ultores
1022 4101 1043 4138 s.
1061 4091 1086 4138 3.
1107 4092 1245 4139 13.17.-

75 4155 130 4210 mit
147 4157 213 4210 dem
229 4157 375 4211 Nachtrab
392 4158 469 4211 ward
487 4159 558 4211 eben
575 4173 635 4210 ver·
689 4162 837 4213 testatur
863 4183 898 4202 =
925 4156 1056 4210 erkldrt
1076 4153 1247 4221 feierlich,

75 4225 185 4282 mittslt
193 4227 281 4282 durch
289 4226 337 4281 die
346 4226 578 4282 Seitenoolonncn
587 4227 635 4281 des
687 4228 742 4282 wie
761 4231 788 4283 d.
808 4230 855 4283 ult.
875 4228 967 4282 adase
984 4226 1121 4292 cmscssus
1135 4231 1158 4279 ⁷.
1169 4231 1244 4280 5115.

190 4298 365 4368 quadratum
690 4328 723 4336 —
742 4295 1151 4365 confossumoalners‘bus.
1181 4296 1247 4350 Die-

113 4373 155 4422 11.
181 4367 413 4422 Brochubelus
434 4392 469 4413 =
487 4368 634 4422 dntibelus
689 4368 784 4423 selben
792 4370 891 4423 Worte
906 4366 1025 4421 braucht
1038 4365 1132 4420 Justin
1148 4373 1188 4420 11.
1203 4371 1244 4421 15.

981 4453 1034 4507 14⁸
