2790 4792
385 210 640 268 HISTORIARUM
658 211 873 267 ALEXANDRI
891 211 926 282 X,
944 217 969 266 4.
1179 211 1246 277 225

73 377 245 444 maninus
280 375 387 442 bostiis
421 375 606 458 enpiaretnr.
656 375 766 458 Itaque
802 376 954 458 sanitae
985 376 1146 460 maprritioe
1176 396 1247 459 per-

67 471 190 550 petrato
221 465 429 532 Mandalum
465 464 560 530 simul
590 462 817 546 Persarumque
848 466 1001 548 prmiores
1033 465 1175 531 iniitonit
1205 465 1249 533 ad

72 557 187 639 epulas.
234 555 351 620 Novem
377 553 468 619 milia
495 573 528 619 eo
553 554 690 621 marinio
717 553 865 636 campise
885 553 1047 636 proditum
1071 559 1115 621 est
1135 575 1246 627 menm-

72 646 140 711 rioe
175 663 281 726 eosque
316 662 420 709 omnes
454 643 605 708 ninimnte
634 663 703 726 rope
733 663 772 709 en
802 643 907 709 eadem
943 647 1063 708 eroum
1098 643 1247 728 inmun,

72 733 204 801 Graecis
236 731 434 813 barbarisque
463 731 584 797 iatibm
610 734 677 797 tun
702 731 903 812 allatorem
928 737 998 798 oola
1021 732 1248 816 praenatibus,

74 829 140 888 tum
161 821 310 904 inprimis
331 825 368 885 nt
388 821 546 902 ultriusque
567 820 692 902 imperii
714 821 749 886 in
770 821 852 905 idem
869 841 979 903 eorpus
996 821 1102 887 coaliti
1123 822 1248 888 mantus

68 916 219 994 perpetua
239 909 326 991 foret.
358 909 526 974 Maturata
543 909 651 977 deinde
672 914 717 975 est
733 910 839 976 missio
862 915 892 976 et
908 911 1142 992 infirmissimus
1162 912 1248 992 anis

71 1021 131 1083 pue
162 1000 360 1065 eaauetorati.
411 997 594 1064 Amicorum
624 1018 741 1081 qnoque
770 999 927 1067 seniormn
957 998 1141 1082 quibasdam
1171 1019 1248 1068 mm·

73 1094 210 1155 meatirm
235 1088 326 1154 dedit.
370 1086 425 1152 En
449 1087 519 1168 puis
542 1084 642 1154 Olitiis
668 1092 861 1170 oopmmento
882 1087 984 1154 Albis
1008 1087 1200 1171 Gorpiaspm
1219 1093 1250 1153 et

75 1178 265 1261 Polydamas
291 1181 321 1241 et
345 1173 513 1258 Antipenas
537 1175 631 1256 fuere.
674 1176 868 1242 Abeuntibus
893 1197 956 1242 non
980 1178 1069 1242 modo
1088 1178 1250 1259 pradmiti

76 1267 220 1348 temporis
243 1265 397 1347 stipendia
419 1285 489 1331 enm
510 1265 571 1346 pide
592 1265 753 1348 persolvit,
779 1285 886 1331 rernm
907 1267 1001 1332 ctiam
1023 1266 1172 1331 talentnn
1192 1267 1248 1332 ud·

77 1356 147 1419 iecit
167 1355 202 1420 in
219 1353 356 1437 sinpiilos
377 1353 491 1419 milites
507 1353 614 1418 viatici
630 1355 762 1419 nomine
797 1353 902 1420 Filios
918 1375 956 1420 ea
973 1354 1124 1421 Asiaticis
1142 1356 1248 1421 anori-

74 1444 131 1509 bus
160 1448 311 1525 susceptos
336 1479 374 1488 —
399 1442 444 1508 ad
472 1443 571 1508 deceni
603 1443 695 1508 milia
723 1442 820 1524 fnisse
853 1444 1020 1510 tradimtur
1044 1480 1084 1488 -
1108 1444 1195 1526 apiul
1218 1463 1250 1511 se

73 1533 209 1615 relinpni
231 1532 335 1614 iussit,
365 1551 404 1595 ne
425 1532 461 1596 in
482 1531 702 1597 Mandonion
724 1552 794 1597 cnm
809 1533 994 1614 pmunbns
1017 1534 1200 1616 transmissi
1221 1537 1251 1598 et

72 1621 253 1704 coninpibns
278 1621 438 1702 liberisque
454 1619 614 1701 prioribus
629 1621 781 1702 pumiati
799 1621 943 1701 familias
964 1622 1158 1704 sinpnlarnm
1180 1641 1249 1687 eon·

74 1709 501 1777 munatianensis
529 1708 693 1791 inplerent:
725 1709 784 1775 sibi
809 1730 901 1775 arrae
925 1709 993 1791 fore
1017 1711 1188 1794 pollicitis,
1215 1713 1251 1775 nt

68 1800 284 1882 patriamne
308 1798 445 1864 instituti
466 1797 598 1862 militiae
615 1803 698 1864 artes
719 1799 918 1864 edoeermtir.
957 1798 1012 1862 Ita
1033 1819 1130 1880 snpra
1151 1800 1250 1865 decem

73 1894 287 1954 oduanmmn
308 1886 400 1952 milia
421 1887 552 1953 dimissa
577 1892 652 1952 sunt
672 1887 854 1969 additisque
875 1892 920 1952 est
938 1885 1096 1966 Oraterns,
1124 1888 1179 1968 qui
1200 1907 1250 1954 eos

72 1978 242 2054 deducemt,
265 1996 302 2041 ea
319 1976 498 2058 proeapuis
519 1975 600 2058 repis
622 1976 740 2041 amicis.
777 1974 838 2042 (lui
859 1976 982 2057 siquid
1001 1975 1183 2042 bmnanitiis
1199 1997 1249 2041 ae-

73 2066 208 2144 sitisset,
235 2064 450 2146 Polyperconti
465 2085 578 2146 parere
604 2066 684 2130 iussi
704 2069 786 2130 arnt.
830 2064 958 2130 manis
980 2065 1073 2130 mmm
1091 2065 1138 2130 ad
1158 2064 1250 2131 Anti

69 2160 200 2237 panum
232 2154 356 2234 scriptis
386 2152 530 2218 bonorem
561 2154 696 2220 emeritis
721 2153 827 2219 baberi
852 2155 1021 2236 praecepit,
1051 2157 1088 2218 nt
1113 2155 1250 2236 quotiens

75 2244 143 2308 lndi
173 2248 264 2324 atque
295 2243 465 2307 eutonium
499 2243 672 2325 annun,
706 2244 743 2307 in
775 2243 892 2325 priims
921 2243 1083 2308 ordinibus
1113 2243 1251 2308 coronati

74 2336 244 2413 spectarent
269 2336 361 2412 ntpne
385 2330 452 2412 fato
477 2330 655 2412 summram
682 2331 771 2396 liberi
797 2331 957 2414 inpuberes
984 2333 1018 2398 in
1040 2336 1176 2414 paterna
1198 2333 1251 2398 sti-

72 2421 190 2502 pendia
210 2422 406 2485 succederent.
446 2418 610 2487 autumn
631 2420 834 2486 Macedoniae
856 2421 1135 2502 continentibusque
1155 2421 1250 2504 rapio

76 2508 169 2577 ilibus
189 2528 260 2574 cnm
276 2510 404 2590 imperio
423 2529 563 2590 mansee
579 2509 712 2591 placuit,
733 2509 939 2591 Antipatrum
957 2530 1026 2575 mm
1044 2510 1250 2591 snppleureato

76 2598 236 2663 iuniorum
267 2597 474 2663 Maoedonnm
504 2598 549 2664 ad
577 2618 677 2680 repom
702 2618 836 2680 perpere.
892 2598 1057 2664 Verebatur
1087 2599 1182 2680 enim,
1212 2618 1252 2664 nc

71 2707 131 2769 per
162 2687 347 2753 discordiam
377 2687 528 2767 proetmti
563 2707 633 2753 orm
664 2685 846 2770 Olympiade
875 2687 981 2769 mauis
1014 2687 1121 2767 eliqua
1151 2687 1252 2755 clades

79 2776 274 2857 acciperetur.
337 2775 424 2840 Nam
463 2775 579 2840 nmltas
620 2776 665 2840 acl
702 2775 918 2845 Alouandrnm
960 2776 1103 2857 epistolas
1144 2780 1251 2859 irater,

74 2864 190 2930 multas
220 2863 388 2946 Antipater
422 2865 550 2929 iniserat
583 2865 775 2947 vicissimque
813 2866 893 2930 inter
928 2885 960 2930 se
995 2864 1251 2946 criminabantur,

72 2973 154 3035 qnae
184 2953 228 3018 ad
252 2954 377 3018 dediciis
408 2958 464 3018 aut
494 2954 709 3019 detinnntnm
734 2954 835 3036 repiae
863 2954 1033 3020 nianstatis
1054 2954 1251 3036 pertinerent.

76 3041 246 3123 Postquam
276 3043 359 3106 ircim
389 3063 498 3123 memor
532 3043 623 3108 oaeisi
654 3043 735 3126 repis
766 3048 874 3110 lumem
906 3044 1012 3125 talpa
1011 3063 1049 3108 ns
1080 3044 1116 3107 in
1145 3042 1251 3108 Maee-

73 3132 203 3195 doniam
237 3119 423 3212 portatavit,
464 3137 563 3197 mater
602 3133 668 3197 ems
706 3152 851 3214 sororque
890 3127 1095 3216 Cleopatral)
1137 3131 1251 3196 tnmnl

77 3224 181 3285 tnatae
214 3219 354 3302 fuerant,
391 3225 421 3284 et
454 3220 528 3289 liaeo
556 3222 682 3307 qnulcm
712 3225 881 3302 paternum
914 3240 1054 3304 repnnm,
1091 3217 1253 3302 Olympias

76 3308 215 3390 Epirum
237 3309 401 3374 inuaserat.

165 3397 291 3462 Interea
317 3417 385 3479 ren,
410 3401 447 3462 nt
467 3396 627 3463 immimiti
648 3397 796 3462 eucratas
819 3396 1003 3462 detrimenta
1024 3395 1154 3461 sarciret
1174 3396 1252 3479 opti
1330 3450 1342 3481 ,

76 3505 164 3551 mum
190 3507 337 3568 quemque
362 3485 533 3553 Persarum
558 3487 593 3550 in
621 3486 836 3551 Maoedmiaos
861 3485 984 3550 ordines
1010 3485 1137 3567 adlepit:
1168 3485 1253 3550 inille

75 3575 171 3637 etiam
201 3576 482 3656 praestantissimos
513 3575 680 3658 seprepaoit
711 3575 755 3640 ad
779 3575 914 3657 eorporis
939 3575 1120 3640 mundium:
1153 3575 1252 3639 aliem

77 3661 270 3728 hastatorum
292 3685 434 3747 manium,
462 3662 548 3728 band
563 3665 727 3746 panciores
747 3664 846 3729 decem
868 3663 1005 3743 milibus,
1030 3664 1113 3728 cirea
1134 3664 1252 3745 ropinm

78 3751 310 3818 tabernamlum
332 3753 474 3818 mcubias
495 3773 584 3836 apere
606 3754 705 3818 iussit.
741 3752 830 3818 Haec
850 3754 954 3836 aperiti
973 3752 1129 3818 Pmeestes
1150 3771 1252 3832 mper-

77 3841 161 3904 oenit
187 3861 257 3904 enm
283 3842 394 3943 oipinti
421 3842 655 3923 sapittanomm
680 3841 932 3925 funditorumque
955 3841 1093 3924 inililms,
1119 3859 1194 3921 qnos
1216 3859 1253 3904 oa

77 3948 137 3993 sua
164 3931 328 4011 provincia
355 3935 495 4063 mperat.
476 3930 605 3995 tHis
630 3951 690 4013 per
716 3930 879 3996 maritum
904 3930 1077 3995 distributis
1098 3927 1253 4010 proficus

153 4107 178 4172 1)
199 4102 344 4174 Cleopt
309 4106 399 4171 et,ra
423 4102 468 4159 die
491 4100 624 4159 leibliohe
647 4102 803 4160 Sehwemer
819 4104 1005 4170 Alexandere,
1027 4119 1086 4157 war
1104 4101 1252 4157 Gemihlin

79 4174 128 4229 dee
143 4175 215 4230 Kbn
188 4193 250 4246 mge
265 4175 421 4231 Alexander
439 4191 494 4229 von
507 4173 608 4244 Epirus
623 4176 652 4244 (†
666 4179 736 4244 332).
771 4175 816 4232 sie
835 4175 892 4230 und
909 4174 970 4230 ihre
988 4173 1095 4228 Mutter
1109 4173 1142 4227 01
1142 4171 1253 4242 ympise

80 4245 136 4316 beg
137 4247 237 4301 ehrten
260 4247 311 4303 aui
331 4248 376 4304 die
394 4245 493 4301 Kunde
516 4262 571 4302 von
594 4244 657 4300 dem
675 4245 802 4302 Ableben
821 4245 992 4301 Alexandere
1018 4243 1068 4299 hin
1090 4243 1135 4300 die
1159 4243 1251 4298 Naeh·

78 4264 352 4444 {offigndsegffieetelu
326 4319 443 4375 idme
472 4315 518 4372 die
546 4320 649 4374 eretere
666 4315 861 4386 Macedonica,
888 4314 934 4371 die
962 4315 1064 4371 undere
1085 4313 1184 4385 Epirus
1210 4329 1253 4370 er·
1285 4286 1317 4515 ι

134 4488 203 4530 Voon
188 4486 376 4540 111„chth
349 4488 427 4529 ue..11
1006 4483 1038 4530 15
