2790 4792
156 237 221 300 144
607 233 638 300 Q.
659 234 769 289 CURTI
787 232 873 288 RUFI

150 398 353 483 superstitio:
386 397 528 482 alioquin
550 397 714 480 inpotens,
738 417 847 479 saeva,
870 396 1048 478 mutabilis,
1071 396 1126 460 ubi
1146 417 1229 459 vana
1252 397 1327 460 reli-

155 489 249 574 gione
272 490 367 571 capta
385 490 442 570 est,
464 486 578 551 melius
592 485 728 568 vatibus,
751 506 848 568 quam
862 483 995 548 ducibus
1010 484 1076 548 suis
1090 488 1190 568 paret.
1219 485 1328 569 Igitur

155 576 240 640 edita
261 575 296 639 in
317 575 433 660 vulgus
456 573 689 659 Aegyptiorum
711 594 865 656 responsa
887 595 997 637 rursus
1022 572 1062 636 ad
1085 595 1175 657 spem
1194 577 1226 637 et
1244 573 1326 637 fidu-

114 665 237 735 sciam
261 685 387 728 erexere
409 665 585 746 torpentes.
619 660 689 726 Rex
711 662 834 746 impetu
857 662 1037 726 animorum
1060 662 1214 726 utendum
1232 665 1324 727 ratus
1334 663 1380 728 40

154 753 293 818 secunda
319 752 430 836 vigilia
452 754 557 816 castra
579 751 693 815 movit:
726 750 838 814 dextra
860 748 984 835 Tigrim
1006 750 1158 834 habebat,
1192 751 1326 815 alaeve

11 846 14 855 '
113 845 291 925 omontes,
323 862 403 925 quos
431 838 616 922 Gordyaeos
643 841 767 903 vocant
811 838 883 903 Hoe
909 839 1063 924 ingressis
1091 839 1152 902 iter
1180 839 1324 922 specula-

153 934 251 1013 tores,
279 929 334 1013 qui
355 928 522 1013 praemissi
546 931 649 1011 erant,
673 927 731 991 sub
754 927 834 991 lucis
858 930 964 992 ortum
985 925 1128 991 Dareum
1151 927 1324 992 adventare

152 1019 390 1082 nuntiavenmt.
422 1017 585 1081 Instructo
608 1016 708 1101 igitur
730 1016 831 1079 milito
850 1019 882 1079 et
900 1016 1068 1099 conposito
1087 1017 1215 1101 agmine
1235 1019 1323 1080 ante-

97 1128 135 1176 10
153 1107 293 1171 cedebat.
334 1103 396 1169 Sed
416 1104 586 1169 Persarum
609 1107 785 1169 moratores
809 1107 909 1188 erant,
931 1104 1018 1168 mille
1041 1103 1149 1188 ferme,
1173 1105 1228 1189 qui
1252 1127 1323 1188 spe-

153 1195 234 1259 ciem
260 1194 371 1278 magni
399 1194 538 1279 agminis
564 1193 721 1257 fecerant:
754 1193 870 1276 quippe
893 1192 949 1257 ubi
973 1192 1133 1276 explorari
1156 1214 1232 1257 vera
1254 1216 1323 1258 non

98 1305 133 1352 11
153 1286 300 1368 possunt,
331 1283 415 1346 falsa
445 1303 502 1366 per
533 1285 653 1346 metum
686 1284 852 1364 augentur.
901 1280 962 1345 His
995 1282 1132 1367 cognitis
1163 1304 1220 1346 rex
1250 1304 1324 1347 oum

152 1373 263 1456 paucis
295 1393 426 1435 suorum
459 1371 627 1435 adsecutus
661 1390 778 1454 agmen
808 1369 1037 1454 refugientium
1069 1369 1109 1433 ad
1138 1392 1213 1434 suos
1242 1371 1323 1435 alios

154 1460 280 1544 cecidit,
303 1460 388 1543 oepit
411 1460 504 1523 ahos:
534 1459 720 1544 equitesque
742 1458 909 1542 praemisit
932 1459 1143 1542 speculatum,
1167 1459 1262 1522 simul
1286 1463 1323 1522 ut

98 1550 275 1634 inignem,
308 1570 370 1634 quo
393 1547 523 1612 barbari
545 1551 765 1611 cremaverant
785 1547 886 1630 vicos,
918 1547 1150 1632 extinguerent.
1197 1545 1322 1631 Quippe

151 1637 312 1723 fugientes
334 1637 454 1720 raptim
476 1636 570 1701 tectis
594 1635 778 1720 acervisque
799 1635 954 1699 frumenti
972 1635 1149 1700 iniecerant
1166 1635 1323 1720 flammaS,

153 1748 233 1812 quae
256 1749 329 1791 cum
350 1726 386 1789 in
409 1747 533 1790 summo
555 1725 748 1808 haesissent,
771 1724 811 1788 ad
833 1723 986 1788 inferiora
1008 1724 1152 1788 nondum
1175 1728 1323 1807 penetra-

97 1837 133 1884 13
153 1818 272 1880 verant.
305 1813 459 1879 Extincto
482 1814 583 1898 igitur
605 1814 679 1898 igne
702 1812 876 1897 plurimum
898 1811 1051 1876 frumenti
1073 1815 1234 1896 repertum
1258 1817 1322 1876 est:

152 1904 245 1988 copia
268 1903 402 1968 aliarum
424 1924 550 1987 quoque
572 1923 680 1966 rerum
702 1901 864 1965 abundare
887 1904 1069 1985 coeperunt.
1105 1900 1156 1964 Ea
1177 1923 1228 1965 res
1251 1902 1323 1984 ipsa

151 1993 247 2057 militi
265 1992 306 2056 ad
323 1991 577 2075 persequendum
593 1990 721 2054 hostem
740 1990 883 2053 animum
898 1989 1052 2053 incendit:
1076 1990 1194 2073 quippe
1208 1994 1321 2053 urente

152 2084 184 2143 et
209 2080 384 2163 populante
411 2101 448 2143 eo
475 2083 595 2143 terram
617 2078 836 2142 festinandum
859 2082 940 2161 erat,
971 2100 1012 2142 ne
1035 2078 1183 2143 incendio
1207 2082 1322 2142 cuncta

97 2191 134 2238 14
151 2168 355 2251 praeciperet.
400 2167 440 2231 In
470 2167 630 2232 rationem
661 2187 737 2251 ergo
768 2167 944 2232 necessitas
975 2188 1070 2231 versa
1101 2170 1164 2230 est:
1202 2168 1320 2251 quippe

151 2256 314 2338 Mazaeus,
346 2255 402 2340 qui
434 2258 528 2319 antea
559 2277 616 2338 per
647 2255 748 2318 otium
775 2255 862 2319 vicos
889 2256 1086 2338 incenderat,
1118 2255 1184 2318 iam
1209 2256 1321 2340 fugere

95 2367 132 2415 11
152 2347 321 2409 contentus
354 2345 505 2427 pleraque
537 2343 692 2407 inviolata
723 2343 811 2407 hosti
841 2344 979 2428 reliquit.
1023 2343 1205 2407 Alexander
1235 2344 1322 2408 haud

150 2433 279 2518 longius
304 2450 346 2497 ou
370 2432 481 2496 stadiis
504 2430 644 2495 Dareum
668 2453 744 2495 ase
768 2432 878 2496 abesse
902 2435 1099 2516 conpererat.
1143 2431 1256 2517 Itaque
1281 2433 1328 2496 ad

149 2642 289 2680 ereacrc.
326 2624 390 2694 Vgl.
409 2626 481 2679 oben
500 2630 524 2679 1.
545 2631 559 2678 1
583 2625 620 2678 ad
637 2640 710 2692 spent
763 2621 809 2676 ein
821 2623 1051 2677 Uebertriehcnes
1069 2624 1121 2690 sei;
1141 2641 1169 2677 es
1185 2624 1224 2677 ist
1238 2625 1322 2678 somit

149 2701 292 2750 neanant
309 2698 422 2750 animos.
763 2699 898 2763 suquatur
915 2696 1055 2764 prtgnant
1072 2694 1117 2748 fiir
1135 2696 1283 2749 credantur
1296 2701 1321 2749 et

186 2774 210 2821 8.
229 2769 357 2835 impetn
371 2767 555 2821 animorarn
570 2765 623 2819 wie
638 2765 710 2819 oben
763 2771 897 2834 anpentnr
919 2765 987 2819 oder
1007 2766 1082 2831 falsa
1098 2766 1270 2834 proleptisch
1288 2785 1321 2819 zu

152 2844 174 2891 1.
193 2843 228 2892 29
256 2837 386 2890 ntendrnn
404 2837 513 2891 animia.
533 2867 566 2876 -
589 2838 710 2890 deutra
762 2835 864 2891 faasen.
892 2834 932 2888 Zu
949 2836 1087 2891 beachten
1104 2836 1143 2890 ist
1161 2836 1210 2890 der
1225 2835 1320 2891 Chias-

208 2925 226 2961 a
249 2908 356 2973 laeva,
383 2907 543 2972 inconcinn3
576 2907 643 2960 aber
661 2905 710 2961 der
762 2924 831 2960 mus.
855 2905 918 2975 Vgl.
934 2906 1065 2976 tibrigens
1079 2906 1139 2960 niv.
1160 2914 1184 2961 3.
1195 2913 1246 2961 3.3
1266 2925 1320 2962 orn·

149 2977 240 3031 blosse
258 2977 322 3031 Abl.
345 2977 433 3031 findet
455 2977 515 3030 sich
534 2977 605 3030 auch
624 2977 710 3031 sehon
761 2979 812 3030 nia
829 2994 901 3031 cano
920 2982 1046 3047 anpentes
1064 2979 1165 3032 tinore.

149 3047 196 3102 bei
228 3047 392 3103 Classikern.
434 3047 513 3100 Alex.
545 3065 597 3117 zog
624 3047 708 3102 somit
798 3055 838 3102 11.
862 3049 1017 3102 simulat
1037 3049 1090 3102 wie
1108 3049 1190 3102 arant
1208 3054 1275 3117 qnia
1294 3056 1319 3104 9.

147 3120 293 3186 sudw‘arts,
311 3119 348 3173 da
367 3135 396 3173 er
414 3118 459 3172 die
472 3119 561 3188 Berge
575 3118 625 3173 der
638 3117 707 3172 Gor·
761 3125 784 3172 1.
796 3125 825 3185 ὃς
843 3119 938 3174 beides
956 3119 1042 3174 sehon
1058 3118 1232 3174 11181111.-
1251 3137 1320 3175 cre-

147 3189 705 3277 dyaei(derKurdenpnrrLinkenhatte;
759 3196 931 3244 macerant
954 3215 987 3236 ==
1007 3186 1179 3258 ἐνέπρησαν,
1205 3209 1226 3244 a.
1246 3191 1319 3245 Einl.

148 3256 706 3332 1131111117.ΊῃειὸιάτῆςἈτον-
759 3265 782 3326 ξ.
802 3266 834 3314 31
850 3261 877 3315 b.

147 3335 210 3401 ρίας
237 3327 328 3402 χώρας
352 3327 383 3386 ἕν
404 3327 537 3403 ἀριστερᾷ
560 3330 612 3402 μὲν
629 3329 706 3400 ,ἔχων
797 3338 838 3386 12.
854 3333 888 3385 t'n
901 3348 1020 3386 anmmo
1033 3333 1225 3386 haesissent.
1237 3332 1319 3387 Sinn:

148 3401 183 3456 τὰ
199 3404 363 3471 Γορδυαίων
382 3399 441 3471 ὅρη,
461 3398 492 3457 ἐν
511 3403 591 3468 δεξιᾶ
610 3398 706 3457 diade
759 3401 825 3457 weil
856 3402 896 3457 sie
928 3403 1090 3457 aunachst
1117 3402 1162 3457 die
1190 3404 1319 3458 obersten

151 3475 322 3541 Τίγρηνα.-
337 3475 551 3528 antecedebat
565 3457 706 3527 (111111111-
759 3472 858 3528 Theile
872 3473 1002 3543 ergriffen
1010 3475 1121 3540 hatten;
1138 3490 1168 3527 so
1178 3474 1320 3529 brauchen

146 3546 177 3597 te
203 3560 240 3597 an
262 3544 312 3598 der
334 3543 429 3613 Spitze
452 3544 500 3598 des
522 3545 625 3599 Heeres
647 3561 705 3599 vor.
759 3545 845 3598 sehon
868 3543 1007 3599 Olassilxer
1034 3546 1071 3599 ud
1092 3561 1225 3599 annnam
1249 3563 1276 3598 u.
1300 3564 1318 3599 a

146 3613 178 3668 ⁴C.
187 3613 261 3684 folgt
273 3613 363 3669 hierin
375 3615 440 3668 dem
448 3616 578 3685 strengen
588 3616 706 3685 Sprach·
758 3631 861 3670 snrnnw
879 3615 1103 3670 substantivisoh.

143 3685 300 3756 gebrauch‚
334 3686 398 3739 dass
423 3703 453 3740 er
475 3688 627 3741 antecedere
648 3686 706 3740 und
796 3693 837 3740 13.
861 3688 968 3741 militi
994 3687 1038 3740 fur
1063 3687 1173 3752 militie,
1204 3704 1224 3740 s.
1244 3685 1319 3740 Einl.
1354 3737 1357 3743 .

144 3758 303 3825 praecedere
330 3775 382 3810 nur
403 3757 456 3810 mit
473 3756 627 3811 Riicksicht
650 3757 709 3812 auf
759 3762 783 3821 §-
803 3763 835 3811 28
850 3774 875 3811 a.

147 3827 407 3898 Nachfolgende
421 3828 547 3897 braucht,
561 3828 706 3882 nichtein-
796 3833 837 3881 14.
855 3830 892 3882 r'n
910 3830 1074 3883 rationem
1088 3830 1140 3884 eto.
1165 3828 1245 3882 Sinn:
1261 3847 1318 3883 was

146 3899 211 3954 sach
230 3925 264 3944 =
277 3900 429 3968 procedere.
758 3915 825 3952 man
842 3898 960 3969 anfangs
978 3902 1013 3967 (ξ.
1031 3900 1074 3967 11)
1093 3916 1142 3953 aus
1161 3899 1253 3953 Noth
1271 3918 1318 3969 ge-

185 3978 224 4026 10.
244 3972 394 4037 fecerant
412 3995 445 4015 =
461 3971 561 4024 hatten
576 3969 704 4024 erweokt.
757 3969 827 4024 than
854 3969 914 4038 (das
939 3969 1134 4040 Naehsetzen),
1167 3970 1217 4025 das
1240 3971 1318 4024 ward

36 4087 40 4096 .
147 4041 184 4095 So
211 4048 236 4096 8.
265 4047 306 4096 12.
332 4047 347 4095 't
378 4041 499 4107 fecerant
524 4043 644 4109 speciem.
670 4071 703 4080 -
757 4058 814 4093 nun
836 4059 899 4094 aum
916 4041 1104 4096 bereohneten
1122 4042 1220 4110 Plan,
1244 4042 1318 4096 denn

146 4119 320 4181 anpentnr.
344 4111 410 4166 Man
424 4113 555 4166 erwartet
568 4110 614 4165 ein
623 4110 705 4165 Wort
757 4129 823 4166 man
849 4112 978 4182 ntthigte
1006 4112 1130 4167 dadureh
1159 4113 1213 4167 den
1238 4112 1317 4180 Man,

146 4182 199 4236 wie
216 4185 374 4253 figurantur
398 4186 433 4251 (7.
454 4190 477 4237 1.
496 4184 542 4250 36)
566 4181 633 4236 oder
655 4199 704 4235 aa·
757 4198 812 4236 von
829 4182 1009 4254 Ph'inderung
1030 4202 1057 4237 u.
1077 4184 1245 4253 Zerstorung
1267 4183 1317 4237 ah-

144 4253 577 4323 pnrantar=1nanprophezeit
592 4251 703 4306 AberC.
756 4253 883 4308 auschen.
916 4253 942 4307 S.
963 4260 1075 4308 1110
1093 4257 1236 4311 necessitas
1254 4260 1318 4309 ante

105 4358 108 4365 ·
146 4322 206 4376 will
232 4325 357 4395 augleich
385 4325 537 4392 andeuten,
565 4323 626 4377 dass
653 4323 703 4376 das
756 4325 889 4378 rationem
907 4329 952 4378 est.

142 4391 321 4450 irrthiimlieh
344 4395 501 4464 Geglaubto
526 4393 609 4451 meist
631 4394 703 4448 auch
794 4400 835 4448 15.
854 4402 1061 4464 conpererat,
1080 4397 1166 4450 ntml.
1186 4396 1318 4450 ‘mittler
