2790 4800
137 231 201 298 208
251 233 283 299 Q.
303 229 412 288 CURTI
429 229 516 286 RUFI
533 227 789 285 HISTORIARUM
806 224 1025 283 ALEXANDRI
1045 227 1143 297 VIIII,
1166 233 1211 283 10.

80 409 116 460 28
136 394 200 462 Sed
230 395 375 477 fortuna,
407 414 490 478 quae
521 392 617 456 rebus
649 391 772 457 famam
803 390 1007 475 pretiumque
1037 390 1237 474 constituit,
1269 389 1321 456 hoc

136 505 263 569 quoque
286 483 425 548 militiae
447 482 601 566 probrum
625 481 726 545 vertit
746 479 781 545 in
799 480 948 565 glorium.
984 477 1033 543 nt
1052 501 1219 563 praesens
1241 483 1322 544 aetas

137 578 169 639 et
187 573 362 657 posteritas
381 571 495 636 deinde
519 570 638 634 mirata
661 573 720 652 est,
741 590 800 653 per
818 570 932 654 gentes
950 568 1100 633 nondum
1124 569 1212 634 satis
1231 568 1322 633 domi·

135 667 188 727 tus
211 660 382 726 incessisse
405 658 796 740 temulentossburburis,
824 657 911 742 quod
932 656 1108 722 temeritas
1137 662 1230 741 eret,
1252 657 1321 723 fidu·

80 762 117 812 *29
136 751 221 817 ciem
247 771 317 815 esse
340 748 555 814 erodentibus.
600 745 695 811 Hunc
716 750 909 831 apparatum
936 746 1085 811 carnifex
1111 747 1321 831 sequebatur:

136 839 253 924 quippe
277 841 425 921 satrapes
455 837 626 921 Aspastes‚
660 835 699 900 de
731 857 795 919 quo
829 838 904 899 ante
932 834 1056 900 dictum
1085 840 1156 920 cst,
1186 836 1320 901 interfici

81 941 117 991 30
135 929 243 994 iussus
271 930 335 992 est:
364 927 443 991 adeo
470 946 530 990 nec
556 925 702 990 luxuriae
725 926 898 1010 quicquam
921 922 1101 990 crudelitas
1128 945 1194 990 nec
1219 925 1320 990 crude

137 1017 225 1082 litati
247 1015 375 1081 luxurio
397 1016 519 1082 obstet.

172 1213 215 1263 28.
233 1210 338 1264 rebus.
371 1207 464 1262 Ueber
481 1206 535 1262 den
551 1204 635 1261 Detiv
653 1205 698 1260 fur
751 1206 817 1261 inde
829 1205 868 1260 iet
881 1224 901 1260 e.
916 1222 942 1261 v.
957 1221 983 1260 a.
996 1205 1143 1275 camme,
1160 1201 1278 1276 ἐφεξῆς.
1293 1238 1319 1248 -

136 1280 192 1335 den
205 1277 697 1348 ntherliegendenGenetivsAEinl.
751 1278 869 1346 quodt.
884 1281 965 1332 erat.
1000 1277 1082 1346 Quod
1099 1276 1141 1331 ist
1156 1277 1268 1334 ebenso
1281 1279 1320 1333 be·

136 1356 253 1417 528³„
281 1381 315 1389 -
343 1349 474 1414 uertit,
504 1347 590 1403 liess
622 1365 697 1403 aus·
752 1347 875 1417 reobtigt
892 1348 945 1404 wie
964 1347 1036 1402 alud
1055 1348 1133 1402 oben
1153 1354 1171 1415 5
1191 1355 1238 1404 24.

138 1422 313 1491 schlegen.
345 1419 698 1474 Anderwtrtsheisstoer·
788 1423 830 1473 29.
851 1419 949 1473 Hunc
963 1423 1185 1488 apparatum.
1219 1421 1319 1476 Adver-

137 1493 305 1547 tereinrem
319 1490 365 1545 bei
382 1489 424 1544 Q:
446 1490 499 1544 ‘uls
519 1493 606 1545 etwas
622 1506 697 1545 uus·
752 1489 856 1544 sativos
882 1488 1054 1559 Asyndeton.
1090 1519 1126 1529 —
1164 1493 1320 1560 carnifex

137 1564 250 1632 legen,
274 1561 490 1617 eusdeuten'.
531 1561 699 1617 Rflcksicht·
751 1559 1320 1631 metaphorischffireupplicia.—ontr
1365 1626 1369 1635 ,

137 1632 195 1688 lich
214 1634 264 1688 des
283 1632 449 1688 Gedunkons
470 1632 526 1702 vgl.
546 1639 570 1688 8.
593 1639 634 1688 10.
655 1639 697 1688 18.
751 1633 951 1697 dictumest,
968 1631 1054 1686 ntml.
1070 1632 1150 1687 oben
1165 1639 1183 1699 ς
1197 1640 1244 1689 21.
1272 1635 1321 1691 Der

138 1735 172 1744 -
188 1720 351 1774 praesens
369 1709 474 1770 cetae,
498 1703 524 1760 d.
542 1704 561 1758 i.
580 1704 631 1759 das
649 1705 697 1758 da·
752 1702 821 1757 Sinn
834 1703 884 1758 dos
897 1701 1050 1772 folgenden
1062 1701 1168 1759 Setzes
1183 1705 1237 1761 ist:
1252 1705 1321 1762 froh-

138 1775 255 1846 mulige‚
283 1791 418 1845 genuum:
443 1774 619 1846 ‘dermulige’
644 1774 697 1829 Ge·
751 1772 1086 1844 licheAusgelassenheit
1099 1775 1165 1830 und
1175 1776 1322 1833 Grumum·

138 1846 271 1901 sohlecht.
309 1846 346 1900 So
369 1846 489 1902 brcucht
508 1845 582 1900 Curt.
602 1846 698 1916 htufig
752 1844 813 1899 keit
835 1844 898 1899 sind
921 1844 996 1899 wohl
1018 1843 1178 1902 vereinbur
1201 1848 1235 1904 in
1253 1849 1324 1905 einer

133 1933 264 1988 praesens
282 1917 391 1973 reletiv.
428 1916 486 1972 Das
503 1917 634 1987 folgende
653 1918 696 1972 de·
751 1914 984 1971 Menschonseele.
