2790 4792
368 208 622 263 HISTORIARUM
639 208 855 264 ALEXANDRI
873 208 927 278 IV,
949 215 975 264 3.
1199 209 1260 273 119

31 372 72 438 15
173 371 280 436 Isdem
309 371 393 435 forte
421 371 532 435 diebus
557 369 872 456 Carthaginiensium
894 372 994 456 legati
1016 391 1088 436 xxx
1112 394 1313 457 supervo-19

82 461 193 544 niunt,
221 460 325 545 magis
354 460 492 524 obsessis
516 460 669 524 solacium
692 482 788 544 quam
812 460 979 525 auxilium:
1013 462 1130 545 quippe
1154 462 1259 526 dome·

82 550 166 614 stico
199 549 284 613 bello
313 548 438 613 Poenos
470 548 607 631 inpediri
638 570 697 613 nec
730 548 768 612 de
800 549 949 633 imperio,
983 549 1038 612 sed
1067 572 1126 634 pro
1158 552 1259 615 salute

81 638 236 702 dimicare
259 637 462 701 nuntiabant.
493 635 684 720 Syracusani
706 640 775 700 tum
789 636 935 701 Africam
958 638 1096 702 urebant
1118 641 1151 701 et
1172 638 1259 704 haud
1278 661 1314 710 2ο

81 727 196 810 procul
225 724 439 810 Carthaginis¹
462 726 562 789 muris
594 726 780 790 locaverant
812 729 925 790 castra.
970 723 1047 790 Non
1074 730 1184 790 tamen
1207 728 1259 792 de·

80 816 187 879 fecere
212 815 326 878 animis
350 813 450 897 Tyrii,
478 836 673 898 quamquam
697 814 737 878 ab
760 815 886 898 ingenti
911 836 966 898 spe
991 815 1136 879 destituti
1159 819 1259 899 erant,

81 904 138 968 sed
170 904 321 988 coniuges
351 903 532 986 liberosque
562 902 762 967 devehendos
791 900 1021 987 Carthaginem
1048 903 1258 988 tradiderunt,

80 993 212 1075 fortius,
246 991 400 1077 quidquid
431 991 599 1075 accideret,
631 992 740 1073 laturi,
773 991 799 1054 si
830 992 1030 1056 carissimam
1057 992 1106 1055 sui
1133 995 1258 1075 partem
1277 1014 1309 1063 21

81 1086 173 1145 extra
204 1084 323 1145 sortem
352 1081 485 1163 periculi
515 1081 692 1144 communis
719 1079 915 1145 habuissent.
962 1078 1105 1164 Cumque
1133 1103 1217 1145 unus
1241 1104 1257 1146 2

80 1170 205 1233 civibus
232 1170 267 1232 in
295 1169 443 1233 contione
466 1168 651 1252 indicasset,
685 1168 827 1233 oblatam
851 1191 920 1233 esse
943 1191 1001 1252 per
1024 1191 1170 1234 somnum
1197 1170 1259 1234 sibi

83 1259 223 1341 speciem
247 1257 421 1341 ApolliniS,
451 1279 546 1342 quem
569 1257 685 1321 eximia
707 1257 862 1342 religione
886 1258 1040 1340 colerent,
1069 1258 1182 1322 urbem
1206 1259 1258 1322 de·
1367 1308 1370 1315 .

83 1346 230 1429 serentis,
252 1347 431 1428 molemque
455 1344 717 1411 aMacedonibus
740 1346 774 1409 in
797 1347 865 1410 salo
888 1347 1007 1411 iactam
1025 1347 1060 1410 in
1079 1347 1257 1411 silvestrem

82 1436 202 1498 saltum
226 1456 294 1498 esse
318 1437 489 1498 mutatam:
523 1457 715 1520 quamquam
739 1439 851 1500 auctor
873 1435 951 1499 levis
976 1438 1056 1519 erat,
1083 1439 1193 1500 tamen
1214 1436 1256 1500 ad
1276 1458 1309 1506 22

80 1523 241 1587 deteriora
272 1523 428 1587 credenda
458 1524 553 1607 proni
582 1527 671 1587 metu
699 1545 795 1588 aurea
825 1526 939 1588 catena
966 1523 1136 1588 devinxere
1160 1525 1256 1589 simu·

80 1612 204 1675 lacrum
228 1633 364 1694 araeque
382 1611 539 1694 Herculis,
563 1613 652 1676 cuius
674 1612 800 1676 numini
822 1613 934 1677 urbem
958 1612 1150 1696 dicaverant,
1172 1614 1257 1678 inse-

79 1699 367 1783 ruere'vinculum,
391 1700 483 1784 quasi
505 1700 561 1764 illo
585 1701 644 1765 deo
667 1701 853 1783 Apollinem
871 1704 1046 1765 retentura
1088 1700 1255 1784 Syracusis

79 1789 113 1851 id
137 1789 342 1852 simulacrum
365 1788 558 1852 devexerant
571 1789 672 1853 Poeni
696 1789 785 1853 etin
808 1790 928 1854 maiore
947 1790 1133 1854 locaverant
1150 1790 1256 1873 patria

80 1877 254 1960 multisque
283 1878 354 1940 aliis
383 1877 494 1960 spoliis
522 1877 651 1941 urbium
674 1900 693 1941 a
716 1881 817 1942 semet
839 1880 1006 1961 captarum
1029 1899 1097 1941 non
1121 1875 1254 1941 Cartha-

80 1966 188 2049 ginem
213 1967 315 2049 magis
339 1987 435 2048 quam
457 1965 578 2048 Tyrum
601 1969 802 2030 ornaverant.
848 1965 981 2031 Sacrum
1004 1988 1144 2050 quoque,
1168 1966 1254 2049 quod
1273 1987 1306 2036 23

80 2054 226 2138 equidem
250 2055 299 2117 dis
321 2054 453 2117 minime
472 2055 561 2118 cordi
579 2076 647 2119 esse
661 2055 857 2139 crediderim,
880 2056 989 2119 multis
1009 2055 1142 2118 saeculis
1157 2054 1255 2118 inter·

80 2143 214 2206 missum
245 2143 411 2225 repetendi
443 2147 588 2207 auctores
620 2144 750 2227 quidam
782 2147 887 2228 erant,
919 2147 955 2207 ut
986 2144 1146 2228 ingenuus
1174 2165 1254 2227 puer

80 2229 219 2296 Saturno
251 2232 484 2307 immolaretur:
522 2232 607 2317 quod
640 2233 843 2317 sacrilegium
869 2233 975 2298 verius
1003 2254 1099 2317 quam
1128 2253 1253 2296 sacrum

80 2318 363 2405 Carthaginienses
401 2343 420 2384 a
452 2321 670 2386 conditoribus
703 2322 857 2386 traditum
888 2343 989 2405 usque
1022 2321 1063 2384 ad
1095 2319 1252 2385 excidium

78 2409 167 2472 urbis
191 2431 267 2472 suae
289 2408 402 2472 fecisse
426 2409 583 2474 dicuntur.
619 2408 668 2474 Ac
691 2411 755 2474 nisi
778 2411 919 2475 seniores
943 2410 1151 2492 obstitissent,
1175 2431 1252 2494 quo·

78 2520 149 2560 rum
179 2497 311 2562 consilio
343 2501 459 2562 cuncta
487 2498 678 2582 agebantur,
709 2499 945 2563 humanitatem
974 2498 1043 2561 dira
1066 2498 1251 2580 superstitio

27 2587 215 2650 lbvicisset.
261 2584 409 2650 Ceterum
437 2586 596 2650 efficacior
624 2587 713 2651 omni
740 2592 808 2651 arte
835 2586 1009 2650 necessitas
1038 2608 1106 2649 non
1132 2586 1251 2650 usitata
1270 2606 1305 2654 24

76 2742 635 2812 dieihm...gleichsamabrangenetc.
690 2743 994 2812 ten',vgl.§.15.—
1026 2742 1198 2795 22222122
1217 2767 1250 2787 =

75 2813 143 2867 Man
165 2813 324 2882 vergleiche
347 2813 478 2883 librigens
501 2814 547 2866 die
566 2830 636 2882 ganz
690 2831 776 2867 22222
793 2819 897 2868 222222.
922 2812 975 2867 Die
993 2812 1077 2867 Notis
1095 2812 1164 2867 tiber
1181 2812 1250 2866 Her-

76 2884 227 2938 ahnlichen
251 2884 357 2938 Stellen
384 2883 635 2951 Liv.22.13.10;
690 2884 765 2938 cules
793 2884 831 2939 ist
857 2883 996 2953 unnbthig
1023 2883 1096 2938 nach
1123 2890 1147 2937 2.
1168 2889 1192 2937 3.
1217 2916 1250 2924 -

76 2955 143 3009 Tac.
162 2955 228 3009 hist.
248 2963 272 3009 4.
293 2962 339 3022 163
359 2972 422 3008 ann.
442 2962 466 3009 2.
486 2961 528 3010 23.
691 2956 803 3010 Poeni.
836 2955 916 3009 Nach
935 2954 1016 3009 Diod.
1038 2961 1079 3009 13.
1100 2960 1150 3010 108
1170 2955 1251 3010 hatte

112 3033 154 3080 13.
171 3026 634 3095 02222292222222222129222.
690 3027 738 3081 der
752 3026 907 3096 Carthagcr
924 3026 1069 3080 Hamilcar
1088 3025 1249 3080 21282222-

75 3097 157 3152 Nach
179 3097 280 3151 Arrian
303 3104 327 3151 2.
347 3103 424 3151 242
452 3097 567 3151 wurden
588 3097 635 3151 bei
687 3098 748 3152 bild
776 3099 824 3152 des
846 3098 962 3167 Apollo,
995 3097 1043 3150 das
1072 3113 1101 3150 er
1124 3102 1178 3150 405
1202 3097 1251 3151 der

75 3168 124 3223 der
142 3168 298 3222 Einnahme
316 3185 372 3222 von
389 3167 478 3237 Tyrus
495 3167 536 3221 im
552 3167 633 3222 Tem·
688 3167 851 3224 StcdtGela
885 3168 984 3223 eraubt
992 3167 1081 3234 hatte,
1101 3167 1143 3220 als
1154 3166 1250 3220 Weih·

74 3240 121 3307 pel
141 3239 189 3293 des
203 3239 335 3293 Hercules
353 3239 425 3293 auch
445 3238 633 3308 aufgefunden
686 3241 828 3310 gescheuk
862 3187 911 3293 der
942 3237 1126 3291 Mutterstadt
1159 3236 1249 3305 Tyrus

75 3311 278 3396 Καρχηδονίων
296 3308 370 3372 τινὲς
386 3309 493 3378 θεωροὶ
507 3305 536 3372 ἒς
549 3305 633 3394 τιμὴν
686 3310 828 3380 gesendet.
866 3310 981 3362 Maior
1003 3309 1127 3376 patria
1154 3307 1192 3360 ist
1215 3333 1249 3353 =

74 3381 125 3433 τοῦ
142 3379 304 3450 Ηρακλὲους
322 3377 395 3434 acti
408 3375 497 3450 νόμον
511 3384 633 3434 2212222
687 3381 741 3434 (112
764 3381 874 3434 altere
897 3377 1071 3445 Haimath,
1103 3376 1249 3432 1122222-

76 3449 117 3512 scs
134 3447 186 3520 τὴν
205 3446 374 3520 μητρόπολιν
392 3447 571 3520 ἀφικόμενοι.
687 3450 789 3505 stadt.
810 3481 841 3489 -
861 3450 1048 3518 multisque.
1068 3449 1249 3504 Uebersetze:

111 3529 153 3576 20.
173 3522 392 3591 Syracusani.
429 3521 484 3574 Ein
501 3522 631 3576 Irrthum.
688 3521 752 3575 ‘wie
767 3520 807 3574 sie
821 3520 894 3574 auch
907 3520 991 3589 sonat,
1007 3520 1178 3575 ausserdem'
1194 3522 1246 3577 etc.

73 3592 126 3646 Die
149 3594 336 3663 Bedr'angung
361 3592 523 3662 Carthago's
547 3592 634 3646 durch
723 3598 765 3645 23.
785 3591 941 3660 Saturno,
961 3591 1025 3644 dem
1037 3590 1246 3646 ‘Moloch'.—

73 3665 244 3734 Agathocles
258 3681 314 3718 von
328 3662 451 3732 Syrakus
464 3663 530 3717 falla
543 3663 572 3716 in
585 3662 634 3716 das
687 3663 918 3730 2222229222,
946 3661 1021 3716 hier:
1059 3662 1248 3732 Entwcihung

75 3735 144 3789 Jahr
163 3743 223 3790 309.
255 3736 347 3789 Ueber
366 3735 502 3788 eihand
521 3752 542 3788 s.
560 3732 633 3787 Einl.
687 3730 1003 3802 desHeiligenGrauel.
1024 3732 1117 3787 Ueber
1134 3735 1247 3787 verius

76 3812 99 3870 ξ.
116 3813 227 3860 23.-2
245 3823 301 3874 spe
318 3807 468 3872 destitui,
488 3806 575 3859 schon
588 3803 635 3858 bei
688 3821 782 3873 quam
800 3821 820 3857 s.
839 3802 912 3857 Einl.
932 3808 955 3868 ξ.
976 3811 1000 3859 8.
1016 3835 1049 3842 -
1069 3804 1246 3858 excidium.

73 3877 134 3930 Liv.
155 3908 188 3915 —
208 3878 327 3944 122222,
346 3877 451 3946 griech.
470 3872 635 3944 πεισόμενοι
688 3875 776 3945 Sogar
798 3875 953 3941 22211146,
981 3875 1054 3928 nach
1077 3875 1126 3928 der
1144 3873 1248 3928 Besitz-

73 3943 122 4014 ἄν,
142 3946 169 4001 εἰ
187 3944 286 4016 ἔχοιεν.
688 3945 845 4017 ergreifung
864 3944 952 3998 durch
967 3944 1047 4012 Rom,
1066 3944 1169 3999 kamen
1187 3960 1249 3997 ver-

109 4025 152 4070 21.
172 4019 360 4086 Apollinis,
389 4035 409 4071 s.
429 4022 453 4082 ἕ.
472 4023 514 4071 22.
535 4049 568 4057 -
596 4018 632 4070 22
686 4017 786 4072 einzelt
803 4015 1033 4084 Menschenopfer
1055 4015 1085 4069 in
1105 4014 1246 4084 Carthago

72 4088 632 4143 221221222222222222222.821222
684 4105 742 4143 vor.
762 4119 794 4128 -
826 4088 988 4151 seniores,
1018 4085 1084 4140 ‘der
1101 4085 1178 4139 Rath
1197 4085 1247 4138 der

73 4158 170 4213 Cicero
188 4160 240 4214 hat
257 4160 306 4213 das
324 4158 418 4225 Wort;
442 4158 632 4213 altlateinisch
687 4162 742 4228 (30)
761 4159 866 4228 Alten',
887 4157 961 4212 ‘der
979 4156 1065 4210 hohe
1084 4156 1194 4210 Rath'.

72 4232 148 4284 22122
167 4256 201 4276 ==
221 4225 316 4299 σάλος,
344 4230 393 4284 das
416 4230 538 4300 Wogen,
565 4228 632 4283 Wo-
721 4236 763 4284 24.
782 4231 973 4294 necessitas,
991 4227 1049 4297 vgl.
1068 4233 1093 4282 8.
1115 4233 1188 4282 11.4
1206 4227 1245 4294 cf·

72 4301 171 4370 gande.
685 4302 796 4367 22222222
814 4302 845 4354 22
863 4301 984 4355 adversis
996 4315 1053 4352 222.
1067 4315 1150 4367 2222
1163 4300 1245 4352 ratio.

107 4370 632 4436 2222222222221222ς1212122221-
686 4403 720 4412 -
743 4373 902 4440 admouit,
938 4367 1102 4440 ‘gabein
1127 4387 1168 4424 an
1190 4369 1245 4423 dic
