<?xml version="1.0" encoding="UTF-8"?>
<!DOCTYPE html PUBLIC "-//W3C//DTD XHTML 1.0 Transitional//EN"
    "http://www.w3.org/TR/xhtml1/DTD/xhtml1-transitional.dtd">
<html xmlns="http://www.w3.org/1999/xhtml" xml:lang="en" lang="en">
 <head>
  <title>
</title>
<meta http-equiv="Content-Type" content="text/html;charset=utf-8" />
  <meta name='ocr-system' content='tesseract 3.04.00' />
  <meta name='ocr-capabilities' content='ocr_page ocr_carea ocr_par ocr_line ocrx_word'/>
</head>
<body>
  <div class='ocr_page' id='page_1' title='image "./qcurtirufihisto02rufugoog_0287.png"; bbox 0 0 2790 4792; ppageno 0'>
   <div class='ocr_carea' id='block_1_1' title="bbox 151 219 868 288">
    <p class='ocr_par' dir='ltr' id='par_1_1' title="bbox 151 219 868 288">
     <span class='ocr_line' id='line_1_1' title="bbox 151 219 868 288; baseline -0.006 -11"><span class='ocrx_word' id='word_1_1' title='bbox 151 223 192 288; x_wconf 87' lang='lat'><strong>38</strong></span> <span class='ocrx_word' id='word_1_2' title='bbox 603 219 634 286; x_wconf 84' lang='lat' dir='ltr'><strong>Q.</strong></span> <span class='ocrx_word' id='word_1_3' title='bbox 655 220 764 276; x_wconf 83' lang='lat' dir='ltr'>CURTI</span> <span class='ocrx_word' id='word_1_4' title='bbox 782 219 868 275; x_wconf 79' lang='lat' dir='ltr'>RUFI</span> 
     </span>
    </p>
   </div>
   <div class='ocr_carea' id='block_1_2' title="bbox 29 383 1325 2866">
    <p class='ocr_par' dir='ltr' id='par_1_2' title="bbox 29 383 1325 2866">
     <span class='ocr_line' id='line_1_2' title="bbox 151 383 1324 468; baseline -0.004 -16"><span class='ocrx_word' id='word_1_5' title='bbox 151 387 361 452; x_wconf 88' lang='lat' dir='ltr'><strong>consobrinus</strong></span> <span class='ocrx_word' id='word_1_6' title='bbox 385 386 449 450; x_wconf 91' lang='lat' dir='ltr'><strong>fuit</strong></span> <span class='ocrx_word' id='word_1_7' title='bbox 472 385 562 450; x_wconf 93' lang='lat' dir='ltr'><strong>etin</strong></span> <span class='ocrx_word' id='word_1_8' title='bbox 579 383 770 449; x_wconf 90' lang='lat' dir='ltr'><strong>Macedonia</strong></span> <span class='ocrx_word' id='word_1_9' title='bbox 788 383 888 466; x_wconf 90' lang='lat' dir='ltr'><strong>capiti</strong></span> <span class='ocrx_word' id='word_1_10' title='bbox 911 404 983 448; x_wconf 90' lang='lat' dir='ltr'><strong>meo</strong></span> <span class='ocrx_word' id='word_1_11' title='bbox 1007 383 1114 467; x_wconf 90' lang='lat' dir='ltr'><strong>inpias</strong></span> <span class='ocrx_word' id='word_1_12' title='bbox 1133 386 1324 468; x_wconf 84' lang='lat' dir='ltr'><strong>conparavit</strong></span> 
     </span>
     <span class='ocr_line' id='line_1_3' title="bbox 150 470 1323 559; baseline -0.002 -19"><span class='ocrx_word' id='word_1_13' title='bbox 150 475 299 559; x_wconf 87' lang='lat' dir='ltr'><strong>insidias,</strong></span> <span class='ocrx_word' id='word_1_14' title='bbox 332 476 454 540; x_wconf 90' lang='lat' dir='ltr'><strong>socium</strong></span> <span class='ocrx_word' id='word_1_15' title='bbox 482 496 517 538; x_wconf 89' lang='lat' dir='ltr'><strong>se</strong></span> <span class='ocrx_word' id='word_1_16' title='bbox 545 478 579 539; x_wconf 93' lang='lat' dir='ltr'><strong>et</strong></span> <span class='ocrx_word' id='word_1_17' title='bbox 607 473 771 538; x_wconf 86' lang='lat' dir='ltr'><strong>conscium</strong></span> <span class='ocrx_word' id='word_1_18' title='bbox 799 472 956 536; x_wconf 85' lang='lat' dir='ltr'><strong>adiunxit</strong></span> <span class='ocrx_word' id='word_1_19' title='bbox 1006 470 1070 536; x_wconf 92' lang='lat' dir='ltr'><strong>Hic</strong></span> <span class='ocrx_word' id='word_1_20' title='bbox 1097 473 1226 555; x_wconf 87' lang='lat' dir='ltr'><strong>Attalo,</strong></span> <span class='ocrx_word' id='word_1_21' title='bbox 1258 497 1323 558; x_wconf 92' lang='lat' dir='ltr'><strong>quo</strong></span> 
     </span>
     <span class='ocr_line' id='line_1_4' title="bbox 150 561 1324 649; baseline -0.001 -21"><span class='ocrx_word' id='word_1_22' title='bbox 150 566 332 649; x_wconf 81' lang='lat' dir='ltr'><strong>graviorem</strong></span> <span class='ocrx_word' id='word_1_23' title='bbox 350 563 519 628; x_wconf 90' lang='lat' dir='ltr'><strong>inimicum</strong></span> <span class='ocrx_word' id='word_1_24' title='bbox 537 584 604 627; x_wconf 93' lang='lat' dir='ltr'><strong>non</strong></span> <span class='ocrx_word' id='word_1_25' title='bbox 622 561 736 644; x_wconf 89' lang='lat' dir='ltr'><strong>habui,</strong></span> <span class='ocrx_word' id='word_1_26' title='bbox 755 583 898 626; x_wconf 89' lang='lat' dir='ltr'><strong>sororem</strong></span> <span class='ocrx_word' id='word_1_27' title='bbox 917 582 1009 626; x_wconf 90' lang='lat' dir='ltr'><strong>suam</strong></span> <span class='ocrx_word' id='word_1_28' title='bbox 1027 561 1062 624; x_wconf 92' lang='lat' dir='ltr'><strong>in</strong></span> <span class='ocrx_word' id='word_1_29' title='bbox 1080 563 1324 627; x_wconf 71' lang='lat' dir='ltr'><strong>matrimonium</strong></span> 
     </span>
     <span class='ocr_line' id='line_1_5' title="bbox 97 650 1323 736; baseline -0.003 -16"><span class='ocrx_word' id='word_1_30' title='bbox 97 671 131 720; x_wconf 84' lang='lat'><strong>18</strong></span> <span class='ocrx_word' id='word_1_31' title='bbox 149 653 245 718; x_wconf 86' lang='lat' dir='ltr'><strong>dedit.</strong></span> <span class='ocrx_word' id='word_1_32' title='bbox 291 651 367 735; x_wconf 83' lang='lat' dir='ltr'><strong>Hic,</strong></span> <span class='ocrx_word' id='word_1_33' title='bbox 394 674 467 718; x_wconf 90' lang='lat' dir='ltr'><strong>cum</strong></span> <span class='ocrx_word' id='word_1_34' title='bbox 491 652 692 736; x_wconf 82' lang='lat' dir='ltr'><strong>scripsissem</strong></span> <span class='ocrx_word' id='word_1_35' title='bbox 716 652 745 714; x_wconf 91' lang='lat' dir='ltr'><strong>ei</strong></span> <span class='ocrx_word' id='word_1_36' title='bbox 772 671 832 733; x_wconf 89' lang='lat' dir='ltr'><strong>pro</strong></span> <span class='ocrx_word' id='word_1_37' title='bbox 860 651 1024 714; x_wconf 86' lang='lat' dir='ltr'><strong>iuratam</strong></span> <span class='ocrx_word' id='word_1_38' title='bbox 1051 650 1222 715; x_wconf 90' lang='lat' dir='ltr'><strong>familiaris</strong></span> <span class='ocrx_word' id='word_1_39' title='bbox 1246 674 1323 716; x_wconf 88' lang='lat' dir='ltr'><strong>usus</strong></span> 
     </span>
     <span class='ocr_line' id='line_1_6' title="bbox 149 737 1324 826; baseline 0 -20"><span class='ocrx_word' id='word_1_40' title='bbox 149 745 246 826; x_wconf 87' lang='lat' dir='ltr'><strong>atque</strong></span> <span class='ocrx_word' id='word_1_41' title='bbox 265 741 440 825; x_wconf 86' lang='lat' dir='ltr'><strong>amicitiae,</strong></span> <span class='ocrx_word' id='word_1_42' title='bbox 458 740 564 825; x_wconf 88' lang='lat' dir='ltr'><strong>qualis</strong></span> <span class='ocrx_word' id='word_1_43' title='bbox 581 760 652 805; x_wconf 85' lang='lat' dir='ltr'><strong>sors</strong></span> <span class='ocrx_word' id='word_1_44' title='bbox 667 739 753 804; x_wconf 90' lang='lat' dir='ltr'><strong>edita</strong></span> <span class='ocrx_word' id='word_1_45' title='bbox 775 742 860 803; x_wconf 89' lang='lat' dir='ltr'><strong>essct</strong></span> <span class='ocrx_word' id='word_1_46' title='bbox 873 738 961 804; x_wconf 82' lang='lat' dir='ltr'><strong>lovis</strong></span> <span class='ocrx_word' id='word_1_47' title='bbox 975 737 1168 805; x_wconf 80' lang='lat' dir='ltr'><strong>Hammonis</strong></span> <span class='ocrx_word' id='word_1_48' title='bbox 1183 741 1324 824; x_wconf 90' lang='lat' dir='ltr'><strong>oraculo,</strong></span> 
     </span>
     <span class='ocr_line' id='line_1_7' title="bbox 149 827 1324 913; baseline -0.001 -18"><span class='ocrx_word' id='word_1_49' title='bbox 149 830 304 895; x_wconf 77' lang='lat' dir='ltr'><strong>sustinuit</strong></span> <span class='ocrx_word' id='word_1_50' title='bbox 321 830 500 895; x_wconf 74' lang='lat' dir='ltr'><strong>rescribere</strong></span> <span class='ocrx_word' id='word_1_51' title='bbox 518 829 613 913; x_wconf 93' lang='lat' dir='ltr'><strong>mihi,</strong></span> <span class='ocrx_word' id='word_1_52' title='bbox 637 850 671 893; x_wconf 88' lang='lat' dir='ltr'><strong>se</strong></span> <span class='ocrx_word' id='word_1_53' title='bbox 695 828 823 913; x_wconf 90' lang='lat' dir='ltr'><strong>quidem</strong></span> <span class='ocrx_word' id='word_1_54' title='bbox 846 827 1020 911; x_wconf 84' lang='lat' dir='ltr'><strong>gratulari,</strong></span> <span class='ocrx_word' id='word_1_55' title='bbox 1044 829 1132 912; x_wconf 92' lang='lat' dir='ltr'><strong>quod</strong></span> <span class='ocrx_word' id='word_1_56' title='bbox 1154 829 1189 892; x_wconf 91' lang='lat' dir='ltr'><strong>in</strong></span> <span class='ocrx_word' id='word_1_57' title='bbox 1211 851 1324 894; x_wconf 88' lang='lat' dir='ltr'><strong>nume-</strong></span> 
     </span>
     <span class='ocr_line' id='line_1_8' title="bbox 147 917 1324 1002; baseline 0.001 -20"><span class='ocrx_word' id='word_1_58' title='bbox 147 941 220 984; x_wconf 88' lang='lat' dir='ltr'><strong>rum</strong></span> <span class='ocrx_word' id='word_1_59' title='bbox 243 919 377 984; x_wconf 87' lang='lat' dir='ltr'><strong>deorum</strong></span> <span class='ocrx_word' id='word_1_60' title='bbox 399 921 547 1002; x_wconf 86' lang='lat' dir='ltr'><strong>receptus</strong></span> <span class='ocrx_word' id='word_1_61' title='bbox 572 939 691 1000; x_wconf 89' lang='lat' dir='ltr'><strong>essem,</strong></span> <span class='ocrx_word' id='word_1_62' title='bbox 717 919 859 981; x_wconf 85' lang='lat' dir='ltr'><strong>ceterum</strong></span> <span class='ocrx_word' id='word_1_63' title='bbox 881 917 1029 981; x_wconf 88' lang='lat' dir='ltr'><strong>misereri</strong></span> <span class='ocrx_word' id='word_1_64' title='bbox 1052 938 1176 999; x_wconf 89' lang='lat' dir='ltr'><strong>eorum,</strong></span> <span class='ocrx_word' id='word_1_65' title='bbox 1205 919 1324 1002; x_wconf 91' lang='lat' dir='ltr'><strong>quibus</strong></span> 
     </span>
     <span class='ocr_line' id='line_1_9' title="bbox 95 1004 1325 1091; baseline -0.002 -17"><span class='ocrx_word' id='word_1_66' title='bbox 95 1027 129 1075; x_wconf 82' lang='lat'><strong>19</strong></span> <span class='ocrx_word' id='word_1_67' title='bbox 149 1008 321 1073; x_wconf 84' lang='lat' dir='ltr'><strong>vivendum</strong></span> <span class='ocrx_word' id='word_1_68' title='bbox 344 1012 431 1072; x_wconf 87' lang='lat' dir='ltr'><strong>esset</strong></span> <span class='ocrx_word' id='word_1_69' title='bbox 454 1007 513 1071; x_wconf 92' lang='lat' dir='ltr'><strong>sub</strong></span> <span class='ocrx_word' id='word_1_70' title='bbox 539 1028 589 1090; x_wconf 86' lang='lat' dir='ltr'><strong>eo,</strong></span> <span class='ocrx_word' id='word_1_71' title='bbox 619 1006 675 1091; x_wconf 92' lang='lat' dir='ltr'><strong>qui</strong></span> <span class='ocrx_word' id='word_1_72' title='bbox 697 1004 829 1071; x_wconf 89' lang='lat' dir='ltr'><strong>modum</strong></span> <span class='ocrx_word' id='word_1_73' title='bbox 851 1004 992 1070; x_wconf 91' lang='lat' dir='ltr'><strong>hominis</strong></span> <span class='ocrx_word' id='word_1_74' title='bbox 1015 1007 1191 1071; x_wconf 80' lang='lat' dir='ltr'><strong>excederet.</strong></span> <span class='ocrx_word' id='word_1_75' title='bbox 1232 1007 1325 1072; x_wconf 89' lang='lat' dir='ltr'><strong>Haec</strong></span> 
     </span>
     <span class='ocr_line' id='line_1_10' title="bbox 149 1093 1324 1180; baseline 0 -18"><span class='ocrx_word' id='word_1_76' title='bbox 149 1103 224 1162; x_wconf 92' lang='lat' dir='ltr'><strong>sunt</strong></span> <span class='ocrx_word' id='word_1_77' title='bbox 247 1100 279 1161; x_wconf 91' lang='lat' dir='ltr'><strong>et</strong></span> <span class='ocrx_word' id='word_1_78' title='bbox 302 1096 368 1161; x_wconf 92' lang='lat' dir='ltr'><strong>iam</strong></span> <span class='ocrx_word' id='word_1_79' title='bbox 390 1095 516 1180; x_wconf 84' lang='lat' dir='ltr'><strong>pridem</strong></span> <span class='ocrx_word' id='word_1_80' title='bbox 539 1096 639 1160; x_wconf 93' lang='lat' dir='ltr'><strong>animi</strong></span> <span class='ocrx_word' id='word_1_81' title='bbox 663 1093 795 1159; x_wconf 91' lang='lat' dir='ltr'><strong>alienati</strong></span> <span class='ocrx_word' id='word_1_82' title='bbox 818 1114 837 1157; x_wconf 91' lang='lat' dir='ltr'><strong>a</strong></span> <span class='ocrx_word' id='word_1_83' title='bbox 860 1115 911 1158; x_wconf 93' lang='lat' dir='ltr'><strong>me</strong></span> <span class='ocrx_word' id='word_1_84' title='bbox 935 1097 968 1158; x_wconf 90' lang='lat' dir='ltr'><strong>et</strong></span> <span class='ocrx_word' id='word_1_85' title='bbox 994 1093 1171 1161; x_wconf 82' lang='lat' dir='ltr'><strong>invidentis</strong></span> <span class='ocrx_word' id='word_1_86' title='bbox 1198 1096 1324 1179; x_wconf 82' lang='lat' dir='ltr'><strong>gloriae</strong></span> 
     </span>
     <span class='ocr_line' id='line_1_11' title="bbox 29 1183 1323 1269; baseline -0.001 -18"><span class='ocrx_word' id='word_1_87' title='bbox 29 1186 33 1194; x_wconf 78' lang='grc'><strong>”</strong></span> <span class='ocrx_word' id='word_1_88' title='bbox 147 1207 239 1251; x_wconf 91' lang='lat' dir='ltr'><strong>meae</strong></span> <span class='ocrx_word' id='word_1_89' title='bbox 257 1185 385 1251; x_wconf 89' lang='lat' dir='ltr'><strong>indicia.</strong></span> <span class='ocrx_word' id='word_1_90' title='bbox 418 1183 507 1260; x_wconf 81' lang='lat' dir='ltr'><strong>Quae</strong></span> <span class='ocrx_word' id='word_1_91' title='bbox 527 1183 688 1268; x_wconf 88' lang='lat' dir='ltr'><strong>equidem,</strong></span> <span class='ocrx_word' id='word_1_92' title='bbox 707 1183 842 1266; x_wconf 75' lang='lat' dir='ltr'><strong>milites,</strong></span> <span class='ocrx_word' id='word_1_93' title='bbox 862 1183 1016 1267; x_wconf 80' lang='lat' dir='ltr'><strong>quamdiu</strong></span> <span class='ocrx_word' id='word_1_94' title='bbox 1035 1183 1142 1269; x_wconf 89' lang='lat' dir='ltr'><strong>licuit,</strong></span> <span class='ocrx_word' id='word_1_95' title='bbox 1161 1185 1195 1249; x_wconf 88' lang='lat' dir='ltr'><strong>in</strong></span> <span class='ocrx_word' id='word_1_96' title='bbox 1214 1186 1323 1250; x_wconf 90' lang='lat' dir='ltr'><strong>animo</strong></span> 
     </span>
     <span class='ocr_line' id='line_1_12' title="bbox 148 1271 1323 1358; baseline 0 -19"><span class='ocrx_word' id='word_1_97' title='bbox 148 1297 220 1339; x_wconf 91' lang='lat' dir='ltr'><strong>mco</strong></span> <span class='ocrx_word' id='word_1_98' title='bbox 251 1277 365 1358; x_wconf 89' lang='lat' dir='ltr'><strong>pressi.</strong></span> <span class='ocrx_word' id='word_1_99' title='bbox 414 1272 557 1338; x_wconf 91' lang='lat' dir='ltr'><strong>Videbar</strong></span> <span class='ocrx_word' id='word_1_100' title='bbox 589 1273 674 1337; x_wconf 91' lang='lat' dir='ltr'><strong>enim</strong></span> <span class='ocrx_word' id='word_1_101' title='bbox 711 1271 793 1336; x_wconf 88' lang='lat' dir='ltr'><strong>mihi</strong></span> <span class='ocrx_word' id='word_1_102' title='bbox 824 1275 952 1355; x_wconf 87' lang='lat' dir='ltr'><strong>partem</strong></span> <span class='ocrx_word' id='word_1_103' title='bbox 984 1271 1143 1340; x_wconf 88' lang='lat' dir='ltr'><strong>viscerum</strong></span> <span class='ocrx_word' id='word_1_104' title='bbox 1176 1295 1323 1339; x_wconf 91' lang='lat' dir='ltr'><strong>meorum</strong></span> 
     </span>
     <span class='ocr_line' id='line_1_13' title="bbox 148 1361 1323 1446; baseline 0.001 -19"><span class='ocrx_word' id='word_1_105' title='bbox 148 1363 354 1446; x_wconf 88' lang='lat' dir='ltr'><strong>abrumpere,</strong></span> <span class='ocrx_word' id='word_1_106' title='bbox 378 1362 419 1446; x_wconf 94' lang='lat' dir='ltr'><strong>si,</strong></span> <span class='ocrx_word' id='word_1_107' title='bbox 448 1362 483 1426; x_wconf 91' lang='lat' dir='ltr'><strong>in</strong></span> <span class='ocrx_word' id='word_1_108' title='bbox 507 1364 680 1446; x_wconf 86' lang='lat' dir='ltr'><strong>questam</strong></span> <span class='ocrx_word' id='word_1_109' title='bbox 703 1382 822 1445; x_wconf 84' lang='lat' dir='ltr'><strong>magna</strong></span> <span class='ocrx_word' id='word_1_110' title='bbox 845 1361 1070 1444; x_wconf 87' lang='lat' dir='ltr'><strong>contuleram,</strong></span> <span class='ocrx_word' id='word_1_111' title='bbox 1086 1363 1218 1427; x_wconf 81' lang='lat' dir='ltr'><strong>viliores</strong></span> <span class='ocrx_word' id='word_1_112' title='bbox 1242 1363 1323 1428; x_wconf 91' lang='lat' dir='ltr'><strong>mihi</strong></span> 
     </span>
     <span class='ocr_line' id='line_1_14' title="bbox 95 1448 1323 1535; baseline -0.002 -16"><span class='ocrx_word' id='word_1_113' title='bbox 95 1471 130 1519; x_wconf 85' lang='grc'><strong>22</strong></span> <span class='ocrx_word' id='word_1_114' title='bbox 148 1450 297 1516; x_wconf 88' lang='lat' dir='ltr'><strong>facerem.</strong></span> <span class='ocrx_word' id='word_1_115' title='bbox 338 1450 401 1516; x_wconf 79' lang='lat' dir='ltr'><strong>sed</strong></span> <span class='ocrx_word' id='word_1_116' title='bbox 419 1451 485 1515; x_wconf 91' lang='lat' dir='ltr'><strong>iam</strong></span> <span class='ocrx_word' id='word_1_117' title='bbox 504 1471 570 1514; x_wconf 91' lang='lat' dir='ltr'><strong>non</strong></span> <span class='ocrx_word' id='word_1_118' title='bbox 590 1449 691 1514; x_wconf 84' lang='lat' dir='ltr'><strong>verba</strong></span> <span class='ocrx_word' id='word_1_119' title='bbox 713 1448 876 1533; x_wconf 88' lang='lat' dir='ltr'><strong>punienda</strong></span> <span class='ocrx_word' id='word_1_120' title='bbox 893 1454 983 1515; x_wconf 86' lang='lat' dir='ltr'><strong>sunt:</strong></span> <span class='ocrx_word' id='word_1_121' title='bbox 1006 1450 1137 1535; x_wconf 82' lang='lat' dir='ltr'><strong>linguae</strong></span> <span class='ocrx_word' id='word_1_122' title='bbox 1156 1452 1323 1516; x_wconf 82' lang='lat' dir='ltr'><strong>temeritas</strong></span> 
     </span>
     <span class='ocr_line' id='line_1_15' title="bbox 95 1536 1324 1624; baseline -0.003 -16"><span class='ocrx_word' id='word_1_123' title='bbox 95 1560 128 1608; x_wconf 86' lang='grc'><strong>21</strong></span> <span class='ocrx_word' id='word_1_124' title='bbox 147 1540 295 1623; x_wconf 86' lang='lat' dir='ltr'><strong>pervenit</strong></span> <span class='ocrx_word' id='word_1_125' title='bbox 322 1540 363 1604; x_wconf 89' lang='lat' dir='ltr'><strong>ad</strong></span> <span class='ocrx_word' id='word_1_126' title='bbox 390 1538 525 1624; x_wconf 79' lang='lat' dir='ltr'><strong>gladios.</strong></span> <span class='ocrx_word' id='word_1_127' title='bbox 576 1536 660 1622; x_wconf 88' lang='lat' dir='ltr'><strong>Hos,</strong></span> <span class='ocrx_word' id='word_1_128' title='bbox 693 1540 721 1604; x_wconf 91' lang='lat' dir='ltr'><strong>si</strong></span> <span class='ocrx_word' id='word_1_129' title='bbox 748 1537 829 1604; x_wconf 92' lang='lat' dir='ltr'><strong>mihi</strong></span> <span class='ocrx_word' id='word_1_130' title='bbox 856 1539 998 1623; x_wconf 86' lang='lat' dir='ltr'><strong>creditis,</strong></span> <span class='ocrx_word' id='word_1_131' title='bbox 1029 1537 1176 1605; x_wconf 90' lang='lat' dir='ltr'><strong>Philotas</strong></span> <span class='ocrx_word' id='word_1_132' title='bbox 1209 1541 1243 1604; x_wconf 91' lang='lat' dir='ltr'><strong>in</strong></span> <span class='ocrx_word' id='word_1_133' title='bbox 1272 1563 1324 1604; x_wconf 91' lang='lat' dir='ltr'><strong>me</strong></span> 
     </span>
     <span class='ocr_line' id='line_1_16' title="bbox 148 1625 1324 1713; baseline 0 -20"><span class='ocrx_word' id='word_1_134' title='bbox 148 1629 247 1707; x_wconf 84' lang='lat' dir='ltr'><strong>acuit,</strong></span> <span class='ocrx_word' id='word_1_135' title='bbox 273 1629 302 1694; x_wconf 86' lang='lat' dir='ltr'><strong>si</strong></span> <span class='ocrx_word' id='word_1_136' title='bbox 324 1629 401 1713; x_wconf 89' lang='lat' dir='ltr'><strong>ipsi,</strong></span> <span class='ocrx_word' id='word_1_137' title='bbox 424 1627 497 1693; x_wconf 89' lang='lat' dir='ltr'><strong>acui</strong></span> <span class='ocrx_word' id='word_1_138' title='bbox 519 1628 676 1711; x_wconf 87' lang='lat' dir='ltr'><strong>permisit.</strong></span> <span class='ocrx_word' id='word_1_139' title='bbox 722 1625 792 1702; x_wconf 82' lang='lat' dir='ltr'><strong>Quo</strong></span> <span class='ocrx_word' id='word_1_140' title='bbox 816 1649 868 1694; x_wconf 89' lang='lat' dir='ltr'><strong>me</strong></span> <span class='ocrx_word' id='word_1_141' title='bbox 891 1628 1067 1712; x_wconf 82' lang='lat' dir='ltr'><strong>conferam,</strong></span> <span class='ocrx_word' id='word_1_142' title='bbox 1095 1628 1239 1693; x_wconf 83' lang='lat' dir='ltr'><strong>milites?</strong></span> <span class='ocrx_word' id='word_1_143' title='bbox 1271 1630 1324 1693; x_wconf 89' lang='lat' dir='ltr'><strong>cui</strong></span> 
     </span>
     <span class='ocr_line' id='line_1_17' title="bbox 148 1715 1324 1802; baseline -0.001 -20"><span class='ocrx_word' id='word_1_144' title='bbox 148 1721 245 1801; x_wconf 86' lang='lat' dir='ltr'><strong>eaput</strong></span> <span class='ocrx_word' id='word_1_145' title='bbox 286 1735 402 1784; x_wconf 67' lang='lat' dir='ltr'><strong>meum*</strong></span> <span class='ocrx_word' id='word_1_146' title='bbox 431 1716 583 1782; x_wconf 82' lang='lat' dir='ltr'><strong>credam?</strong></span> <span class='ocrx_word' id='word_1_147' title='bbox 634 1716 818 1802; x_wconf 79' lang='lat' dir='ltr'><strong>Equitatui‚</strong></span> <span class='ocrx_word' id='word_1_148' title='bbox 855 1715 999 1800; x_wconf 90' lang='lat' dir='ltr'><strong>optimae</strong></span> <span class='ocrx_word' id='word_1_149' title='bbox 1032 1718 1189 1782; x_wconf 88' lang='lat' dir='ltr'><strong>exercitus</strong></span> <span class='ocrx_word' id='word_1_150' title='bbox 1227 1719 1324 1801; x_wconf 88' lang='lat' dir='ltr'><strong>parti,</strong></span> 
     </span>
     <span class='ocr_line' id='line_1_18' title="bbox 146 1805 1322 1891; baseline 0 -21"><span class='ocrx_word' id='word_1_151' title='bbox 146 1807 347 1891; x_wconf 89' lang='lat' dir='ltr'><strong>principibus</strong></span> <span class='ocrx_word' id='word_1_152' title='bbox 373 1805 597 1872; x_wconf 88' lang='lat' dir='ltr'><strong>nobilissimae</strong></span> <span class='ocrx_word' id='word_1_153' title='bbox 631 1805 822 1888; x_wconf 86' lang='lat' dir='ltr'><strong>iuventutis,</strong></span> <span class='ocrx_word' id='word_1_154' title='bbox 854 1827 955 1870; x_wconf 91' lang='lat' dir='ltr'><strong>unum</strong></span> <span class='ocrx_word' id='word_1_155' title='bbox 985 1807 1140 1890; x_wconf 88' lang='lat' dir='ltr'><strong>praefeci:</strong></span> <span class='ocrx_word' id='word_1_156' title='bbox 1173 1807 1322 1889; x_wconf 89' lang='lat' dir='ltr'><strong>salutem,</strong></span> 
     </span>
     <span class='ocr_line' id='line_1_19' title="bbox 94 1894 1322 1980; baseline -0.006 -15"><span class='ocrx_word' id='word_1_157' title='bbox 94 1915 128 1965; x_wconf 89' lang='grc'><strong>22</strong></span> <span class='ocrx_word' id='word_1_158' title='bbox 149 1917 252 1980; x_wconf 91' lang='lat' dir='ltr'><strong>spem,</strong></span> <span class='ocrx_word' id='word_1_159' title='bbox 274 1896 445 1961; x_wconf 82' lang='lat' dir='ltr'><strong>victoriam</strong></span> <span class='ocrx_word' id='word_1_160' title='bbox 469 1916 574 1958; x_wconf 88' lang='lat' dir='ltr'><strong>meam</strong></span> <span class='ocrx_word' id='word_1_161' title='bbox 597 1894 673 1959; x_wconf 90' lang='lat' dir='ltr'><strong>fidei</strong></span> <span class='ocrx_word' id='word_1_162' title='bbox 696 1895 765 1959; x_wconf 90' lang='lat' dir='ltr'><strong>eius</strong></span> <span class='ocrx_word' id='word_1_163' title='bbox 789 1894 973 1979; x_wconf 87' lang='lat' dir='ltr'><strong>tutelaeque</strong></span> <span class='ocrx_word' id='word_1_164' title='bbox 997 1895 1153 1960; x_wconf 91' lang='lat' dir='ltr'><strong>commisi.</strong></span> <span class='ocrx_word' id='word_1_165' title='bbox 1191 1897 1322 1959; x_wconf 86' lang='lat' dir='ltr'><strong>Patrem</strong></span> 
     </span>
     <span class='ocr_line' id='line_1_20' title="bbox 148 1981 1323 2068; baseline -0.001 -20"><span class='ocrx_word' id='word_1_166' title='bbox 148 1986 181 2048; x_wconf 91' lang='lat' dir='ltr'><strong>in</strong></span> <span class='ocrx_word' id='word_1_167' title='bbox 200 1985 294 2049; x_wconf 92' lang='lat' dir='ltr'><strong>idem.</strong></span> <span class='ocrx_word' id='word_1_168' title='bbox 310 1984 493 2068; x_wconf 81' lang='lat' dir='ltr'><strong>fastigium,</strong></span> <span class='ocrx_word' id='word_1_169' title='bbox 516 1984 550 2049; x_wconf 92' lang='lat' dir='ltr'><strong>in</strong></span> <span class='ocrx_word' id='word_1_170' title='bbox 568 2004 631 2068; x_wconf 93' lang='lat' dir='ltr'><strong>quo</strong></span> <span class='ocrx_word' id='word_1_171' title='bbox 651 2004 702 2047; x_wconf 91' lang='lat' dir='ltr'><strong>mc</strong></span> <span class='ocrx_word' id='word_1_172' title='bbox 723 1983 786 2067; x_wconf 89' lang='lat' dir='ltr'><strong>ipsi</strong></span> <span class='ocrx_word' id='word_1_173' title='bbox 809 1983 980 2066; x_wconf 89' lang='lat' dir='ltr'><strong>posuistis,</strong></span> <span class='ocrx_word' id='word_1_174' title='bbox 1003 1984 1147 2049; x_wconf 83' lang='lat' dir='ltr'><strong>admovi:</strong></span> <span class='ocrx_word' id='word_1_175' title='bbox 1171 1981 1323 2065; x_wconf 90' lang='lat' dir='ltr'><strong>Mediam,</strong></span> 
     </span>
     <span class='ocr_line' id='line_1_21' title="bbox 147 2072 1322 2158; baseline -0.001 -21"><span class='ocrx_word' id='word_1_176' title='bbox 147 2094 210 2157; x_wconf 90' lang='lat' dir='ltr'><strong>qua</strong></span> <span class='ocrx_word' id='word_1_177' title='bbox 238 2073 342 2137; x_wconf 51' lang='lat' dir='ltr'><strong>nulla*</strong></span> <span class='ocrx_word' id='word_1_178' title='bbox 357 2073 542 2156; x_wconf 87' lang='lat' dir='ltr'><strong>opulentior</strong></span> <span class='ocrx_word' id='word_1_179' title='bbox 573 2072 664 2158; x_wconf 79' lang='lat' dir='ltr'><strong>regio</strong></span> <span class='ocrx_word' id='word_1_180' title='bbox 698 2075 761 2155; x_wconf 87' lang='lat' dir='ltr'><strong>cst,</strong></span> <span class='ocrx_word' id='word_1_181' title='bbox 794 2077 826 2137; x_wconf 88' lang='lat' dir='ltr'><strong>et</strong></span> <span class='ocrx_word' id='word_1_182' title='bbox 863 2075 915 2136; x_wconf 94' lang='lat' dir='ltr'><strong>tot</strong></span> <span class='ocrx_word' id='word_1_183' title='bbox 947 2072 1065 2138; x_wconf 86' lang='lat' dir='ltr'><strong>civium</strong></span> <span class='ocrx_word' id='word_1_184' title='bbox 1097 2072 1322 2157; x_wconf 88' lang='lat' dir='ltr'><strong>sociorumque</strong></span> 
     </span>
     <span class='ocr_line' id='line_1_22' title="bbox 146 2159 1322 2246; baseline -0.003 -20"><span class='ocrx_word' id='word_1_185' title='bbox 146 2162 239 2226; x_wconf 90' lang='lat' dir='ltr'><strong>milia</strong></span> <span class='ocrx_word' id='word_1_186' title='bbox 267 2161 402 2246; x_wconf 87' lang='lat' dir='ltr'><strong>imperio</strong></span> <span class='ocrx_word' id='word_1_187' title='bbox 430 2162 499 2225; x_wconf 86' lang='lat' dir='ltr'><strong>eius</strong></span> <span class='ocrx_word' id='word_1_188' title='bbox 527 2159 709 2245; x_wconf 90' lang='lat' dir='ltr'><strong>dicionique</strong></span> <span class='ocrx_word' id='word_1_189' title='bbox 737 2160 868 2226; x_wconf 89' lang='lat' dir='ltr'><strong>subieci.</strong></span> <span class='ocrx_word' id='word_1_190' title='bbox 917 2159 1010 2226; x_wconf 88' lang='lat' dir='ltr'><strong>Unde</strong></span> <span class='ocrx_word' id='word_1_191' title='bbox 1040 2161 1241 2245; x_wconf 89' lang='lat' dir='ltr'><strong>praesidium</strong></span> <span class='ocrx_word' id='word_1_192' title='bbox 1268 2183 1322 2245; x_wconf 88' lang='lat' dir='ltr'><strong>pe-</strong></span> 
     </span>
     <span class='ocr_line' id='line_1_23' title="bbox 93 2248 1321 2334; baseline -0.004 -15"><span class='ocrx_word' id='word_1_193' title='bbox 93 2251 277 2333; x_wconf 72' lang='lat' dir='ltr'><strong>satiarem,</strong></span> <span class='ocrx_word' id='word_1_194' title='bbox 304 2250 483 2334; x_wconf 91' lang='lat' dir='ltr'><strong>periculum</strong></span> <span class='ocrx_word' id='word_1_195' title='bbox 507 2249 626 2314; x_wconf 87' lang='lat' dir='ltr'><strong>extitit.</strong></span> <span class='ocrx_word' id='word_1_196' title='bbox 672 2249 773 2326; x_wconf 82' lang='lat' dir='ltr'><strong>Quam</strong></span> <span class='ocrx_word' id='word_1_197' title='bbox 802 2248 942 2314; x_wconf 87' lang='lat' dir='ltr'><strong>feliciter</strong></span> <span class='ocrx_word' id='word_1_198' title='bbox 971 2250 1006 2313; x_wconf 92' lang='lat' dir='ltr'><strong>in</strong></span> <span class='ocrx_word' id='word_1_199' title='bbox 1029 2250 1098 2314; x_wconf 92' lang='lat' dir='ltr'><strong>acie</strong></span> <span class='ocrx_word' id='word_1_200' title='bbox 1121 2249 1321 2332; x_wconf 89' lang='lat' dir='ltr'><strong>cecidissem,</strong></span> 
     </span>
     <span class='ocr_line' id='line_1_24' title="bbox 146 2337 1322 2426; baseline -0.002 -23"><span class='ocrx_word' id='word_1_201' title='bbox 146 2340 254 2422; x_wconf 90' lang='lat' dir='ltr'><strong>potius</strong></span> <span class='ocrx_word' id='word_1_202' title='bbox 283 2339 389 2426; x_wconf 83' lang='lat' dir='ltr'><strong>hostis</strong></span> <span class='ocrx_word' id='word_1_203' title='bbox 416 2337 548 2422; x_wconf 87' lang='lat' dir='ltr'><strong>praeda,</strong></span> <span class='ocrx_word' id='word_1_204' title='bbox 578 2359 676 2422; x_wconf 88' lang='lat' dir='ltr'><strong>quam</strong></span> <span class='ocrx_word' id='word_1_205' title='bbox 699 2338 779 2403; x_wconf 83' lang='lat' dir='ltr'><strong>civis</strong></span> <span class='ocrx_word' id='word_1_206' title='bbox 802 2338 946 2403; x_wconf 83' lang='lat' dir='ltr'><strong>victima!</strong></span> <span class='ocrx_word' id='word_1_207' title='bbox 992 2337 1088 2403; x_wconf 93' lang='lat' dir='ltr'><strong>Nunc</strong></span> <span class='ocrx_word' id='word_1_208' title='bbox 1111 2341 1258 2403; x_wconf 84' lang='lat' dir='ltr'><strong>servatus</strong></span> <span class='ocrx_word' id='word_1_209' title='bbox 1282 2361 1322 2402; x_wconf 88' lang='lat' dir='ltr'><strong>ex</strong></span> 
     </span>
     <span class='ocr_line' id='line_1_25' title="bbox 146 2426 1321 2513; baseline -0.001 -21"><span class='ocrx_word' id='word_1_210' title='bbox 146 2427 311 2511; x_wconf 90' lang='lat' dir='ltr'><strong>periculis,</strong></span> <span class='ocrx_word' id='word_1_211' title='bbox 343 2449 425 2513; x_wconf 89' lang='lat' dir='ltr'><strong>quae</strong></span> <span class='ocrx_word' id='word_1_212' title='bbox 454 2427 523 2491; x_wconf 89' lang='lat' dir='ltr'><strong>sola</strong></span> <span class='ocrx_word' id='word_1_213' title='bbox 553 2427 661 2511; x_wconf 93' lang='lat' dir='ltr'><strong>timui,</strong></span> <span class='ocrx_word' id='word_1_214' title='bbox 690 2426 726 2492; x_wconf 90' lang='lat' dir='ltr'><strong>in</strong></span> <span class='ocrx_word' id='word_1_215' title='bbox 752 2426 833 2491; x_wconf 88' lang='lat' dir='ltr'><strong>haec</strong></span> <span class='ocrx_word' id='word_1_216' title='bbox 859 2427 970 2510; x_wconf 90' lang='lat' dir='ltr'><strong>incidi,</strong></span> <span class='ocrx_word' id='word_1_217' title='bbox 1002 2449 1082 2511; x_wconf 90' lang='lat' dir='ltr'><strong>quae</strong></span> <span class='ocrx_word' id='word_1_218' title='bbox 1110 2427 1224 2491; x_wconf 91' lang='lat' dir='ltr'><strong>timere</strong></span> <span class='ocrx_word' id='word_1_219' title='bbox 1255 2450 1321 2491; x_wconf 91' lang='lat' dir='ltr'><strong>non</strong></span> 
     </span>
     <span class='ocr_line' id='line_1_26' title="bbox 92 2514 1321 2599; baseline -0.007 -12"><span class='ocrx_word' id='word_1_220' title='bbox 92 2538 128 2586; x_wconf 85' lang='grc'><strong>24</strong></span> <span class='ocrx_word' id='word_1_221' title='bbox 147 2517 251 2581; x_wconf 91' lang='lat' dir='ltr'><strong>debui.</strong></span> <span class='ocrx_word' id='word_1_222' title='bbox 289 2514 409 2582; x_wconf 80' lang='lat' dir='ltr'><strong>Soletis</strong></span> <span class='ocrx_word' id='word_1_223' title='bbox 428 2515 604 2580; x_wconf 88' lang='lat' dir='ltr'><strong>identidem</strong></span> <span class='ocrx_word' id='word_1_224' title='bbox 628 2537 732 2599; x_wconf 90' lang='lat' dir='ltr'><strong>ame,</strong></span> <span class='ocrx_word' id='word_1_225' title='bbox 754 2516 888 2598; x_wconf 91' lang='lat' dir='ltr'><strong>milites,</strong></span> <span class='ocrx_word' id='word_1_226' title='bbox 911 2519 1033 2599; x_wconf 90' lang='lat' dir='ltr'><strong>petere,</strong></span> <span class='ocrx_word' id='word_1_227' title='bbox 1051 2519 1089 2580; x_wconf 89' lang='lat' dir='ltr'><strong>ut</strong></span> <span class='ocrx_word' id='word_1_228' title='bbox 1108 2516 1206 2580; x_wconf 89' lang='lat' dir='ltr'><strong>saluti</strong></span> <span class='ocrx_word' id='word_1_229' title='bbox 1229 2538 1321 2580; x_wconf 90' lang='lat' dir='ltr'><strong>meae</strong></span> 
     </span>
     <span class='ocr_line' id='line_1_27' title="bbox 146 2603 1321 2690; baseline -0.002 -20"><span class='ocrx_word' id='word_1_230' title='bbox 146 2627 287 2690; x_wconf 89' lang='lat' dir='ltr'><strong>parcam.</strong></span> <span class='ocrx_word' id='word_1_231' title='bbox 322 2603 392 2689; x_wconf 88' lang='lat' dir='ltr'><strong>Ipsi</strong></span> <span class='ocrx_word' id='word_1_232' title='bbox 406 2605 486 2669; x_wconf 89' lang='lat' dir='ltr'><strong>mihi</strong></span> <span class='ocrx_word' id='word_1_233' title='bbox 504 2608 671 2687; x_wconf 86' lang='lat' dir='ltr'><strong>praestare</strong></span> <span class='ocrx_word' id='word_1_234' title='bbox 689 2605 843 2689; x_wconf 90' lang='lat' dir='ltr'><strong>potestis,</strong></span> <span class='ocrx_word' id='word_1_235' title='bbox 861 2605 948 2690; x_wconf 89' lang='lat' dir='ltr'><strong>quod</strong></span> <span class='ocrx_word' id='word_1_236' title='bbox 963 2604 1117 2687; x_wconf 91' lang='lat' dir='ltr'><strong>suadetis,</strong></span> <span class='ocrx_word' id='word_1_237' title='bbox 1136 2609 1173 2669; x_wconf 90' lang='lat' dir='ltr'><strong>ut</strong></span> <span class='ocrx_word' id='word_1_238' title='bbox 1190 2605 1321 2669; x_wconf 87' lang='lat' dir='ltr'><strong>faciam.</strong></span> 
     </span>
     <span class='ocr_line' id='line_1_28' title="bbox 146 2693 1320 2778; baseline -0.003 -19"><span class='ocrx_word' id='word_1_239' title='bbox 146 2694 196 2759; x_wconf 87' lang='lat' dir='ltr'><strong>Ad</strong></span> <span class='ocrx_word' id='word_1_240' title='bbox 229 2697 355 2760; x_wconf 83' lang='lat' dir='ltr'><strong>vestras</strong></span> <span class='ocrx_word' id='word_1_241' title='bbox 388 2716 516 2775; x_wconf 87' lang='lat' dir='ltr'><strong>manus,</strong></span> <span class='ocrx_word' id='word_1_242' title='bbox 550 2693 590 2758; x_wconf 90' lang='lat' dir='ltr'><strong>ad</strong></span> <span class='ocrx_word' id='word_1_243' title='bbox 622 2698 728 2759; x_wconf 80' lang='lat' dir='ltr'><strong>vestra</strong></span> <span class='ocrx_word' id='word_1_244' title='bbox 761 2716 852 2757; x_wconf 90' lang='lat' dir='ltr'><strong>arma</strong></span> <span class='ocrx_word' id='word_1_245' title='bbox 884 2693 1050 2778; x_wconf 84' lang='lat' dir='ltr'><strong>confugio:</strong></span> <span class='ocrx_word' id='word_1_246' title='bbox 1082 2694 1193 2758; x_wconf 86' lang='lat' dir='ltr'><strong>invitis</strong></span> <span class='ocrx_word' id='word_1_247' title='bbox 1226 2694 1320 2758; x_wconf 83' lang='lat' dir='ltr'><strong>vobis</strong></span> 
     </span>
     <span class='ocr_line' id='line_1_29' title="bbox 146 2781 1320 2866; baseline -0.001 -18"><span class='ocrx_word' id='word_1_248' title='bbox 146 2784 255 2850; x_wconf 86' lang='lat' dir='ltr'><strong>salvus</strong></span> <span class='ocrx_word' id='word_1_249' title='bbox 293 2804 363 2847; x_wconf 88' lang='lat' dir='ltr'><strong>csse</strong></span> <span class='ocrx_word' id='word_1_250' title='bbox 401 2783 491 2848; x_wconf 92' lang='lat' dir='ltr'><strong>nolo:</strong></span> <span class='ocrx_word' id='word_1_251' title='bbox 533 2782 718 2847; x_wconf 86' lang='lat' dir='ltr'><strong>volentibus</strong></span> <span class='ocrx_word' id='word_1_252' title='bbox 759 2804 823 2847; x_wconf 89' lang='lat' dir='ltr'><strong>non</strong></span> <span class='ocrx_word' id='word_1_253' title='bbox 864 2804 1011 2866; x_wconf 88' lang='lat' dir='ltr'><strong>possum,</strong></span> <span class='ocrx_word' id='word_1_254' title='bbox 1050 2783 1116 2847; x_wconf 91' lang='lat' dir='ltr'><strong>nisi</strong></span> <span class='ocrx_word' id='word_1_255' title='bbox 1154 2781 1320 2847; x_wconf 88' lang='lat' dir='ltr'><strong>vindicor&#39;.</strong></span> 
     </span>
    </p>
   </div>
   <div class='ocr_carea' id='block_1_3' title="bbox 44 2973 1321 4504">
    <p class='ocr_par' dir='ltr' id='par_1_3' title="bbox 44 2973 1321 3766">
     <span class='ocr_line' id='line_1_30' title="bbox 44 2973 1321 3042; baseline -0.001 -13"><span class='ocrx_word' id='word_1_256' title='bbox 44 2989 49 3000; x_wconf 90' lang='lat'><strong>·</strong></span> <span class='ocrx_word' id='word_1_257' title='bbox 145 2974 196 3029; x_wconf 89' lang='lat' dir='ltr'><strong>auf</strong></span> <span class='ocrx_word' id='word_1_258' title='bbox 221 2974 275 3027; x_wconf 89' lang='lat' dir='ltr'><strong>den</strong></span> <span class='ocrx_word' id='word_1_259' title='bbox 303 2974 398 3028; x_wconf 82' lang='lat' dir='ltr'><strong>Thron</strong></span> <span class='ocrx_word' id='word_1_260' title='bbox 423 2973 529 3042; x_wconf 81' lang='lat' dir='ltr'><strong>gehebt</strong></span> <span class='ocrx_word' id='word_1_261' title='bbox 551 2973 594 3027; x_wconf 87' lang='lat' dir='ltr'><strong>als</strong></span> <span class='ocrx_word' id='word_1_262' title='bbox 616 2974 705 3041; x_wconf 72' lang='lat' dir='ltr'><strong>Alex,</strong></span> <span class='ocrx_word' id='word_1_263' title='bbox 761 2980 784 3028; x_wconf 91' lang='lat'><strong>1.</strong></span> <span class='ocrx_word' id='word_1_264' title='bbox 805 2979 851 3040; x_wconf 83' lang='lat'><strong>113</strong></span> <span class='ocrx_word' id='word_1_265' title='bbox 871 2980 894 3028; x_wconf 87' lang='lat'><strong>6.</strong></span> <span class='ocrx_word' id='word_1_266' title='bbox 915 2980 939 3028; x_wconf 87' lang='lat'><strong>9.</strong></span> <span class='ocrx_word' id='word_1_267' title='bbox 961 3005 993 3013; x_wconf 90' lang='lat'><em>—</em></span> <span class='ocrx_word' id='word_1_268' title='bbox 1011 2975 1125 3042; x_wconf 79' lang='lat' dir='ltr'><strong>presai</strong></span> <span class='ocrx_word' id='word_1_269' title='bbox 1147 2975 1200 3028; x_wconf 86' lang='lat' dir='ltr'><strong>wie</strong></span> <span class='ocrx_word' id='word_1_270' title='bbox 1224 2991 1321 3029; x_wconf 83' lang='lat' dir='ltr'><strong>caram</strong></span> 
     </span>
     <span class='ocr_line' id='line_1_31' title="bbox 146 3043 1321 3115; baseline 0 -16"><span class='ocrx_word' id='word_1_271' title='bbox 146 3046 195 3099; x_wconf 90' lang='lat' dir='ltr'><strong>der</strong></span> <span class='ocrx_word' id='word_1_272' title='bbox 223 3045 300 3099; x_wconf 82' lang='lat' dir='ltr'><strong>Sohn</strong></span> <span class='ocrx_word' id='word_1_273' title='bbox 332 3044 381 3098; x_wconf 87' lang='lat' dir='ltr'><strong>des</strong></span> <span class='ocrx_word' id='word_1_274' title='bbox 411 3044 551 3115; x_wconf 75' lang='lat' dir='ltr'><strong>jungerer</strong></span> <span class='ocrx_word' id='word_1_275' title='bbox 577 3043 705 3100; x_wconf 84' lang='lat' dir='ltr'><strong>Bruders.</strong></span> <span class='ocrx_word' id='word_1_276' title='bbox 758 3045 808 3100; x_wconf 80' lang='lat' dir='ltr'><strong>aab</strong></span> <span class='ocrx_word' id='word_1_277' title='bbox 835 3046 914 3100; x_wconf 80' lang='lat' dir='ltr'><strong>corde</strong></span> <span class='ocrx_word' id='word_1_278' title='bbox 934 3061 1056 3114; x_wconf 72' lang='lat' dir='ltr'><strong>premam</strong></span> <span class='ocrx_word' id='word_1_279' title='bbox 1082 3045 1128 3099; x_wconf 90' lang='lat' dir='ltr'><strong>bei</strong></span> <span class='ocrx_word' id='word_1_280' title='bbox 1152 3045 1258 3114; x_wconf 80' lang='lat' dir='ltr'><strong>Vergil.</strong></span> <span class='ocrx_word' id='word_1_281' title='bbox 1285 3077 1321 3115; x_wconf 80' lang='lat'><strong>··.</strong></span> 
     </span>
     <span class='ocr_line' id='line_1_32' title="bbox 144 3114 1321 3186; baseline 0.001 -17"><span class='ocrx_word' id='word_1_282' title='bbox 144 3116 198 3171; x_wconf 85' lang='lat' dir='ltr'><strong>Ein</strong></span> <span class='ocrx_word' id='word_1_283' title='bbox 230 3114 386 3186; x_wconf 81' lang='lat' dir='ltr'><strong>Complott,</strong></span> <span class='ocrx_word' id='word_1_284' title='bbox 422 3115 472 3169; x_wconf 89' lang='grc'>(122</span> <span class='ocrx_word' id='word_1_285' title='bbox 504 3131 535 3169; x_wconf 89' lang='lat' dir='ltr'><strong>er</strong></span> <span class='ocrx_word' id='word_1_286' title='bbox 569 3130 705 3184; x_wconf 89' lang='lat' dir='ltr'><strong>anspann,</strong></span> <span class='ocrx_word' id='word_1_287' title='bbox 758 3116 1321 3183; x_wconf 63' lang='grc' dir='ltr'>2111222221ὴὲ12222222,2222212</span> 
     </span>
     <span class='ocr_line' id='line_1_33' title="bbox 144 3184 1321 3256; baseline -0.002 -13"><span class='ocrx_word' id='word_1_288' title='bbox 144 3187 255 3243; x_wconf 75' lang='grc'>12221212</span> <span class='ocrx_word' id='word_1_289' title='bbox 272 3184 705 3254; x_wconf 84' lang='lat' dir='ltr'><strong>ihmdasLeben.-Attalo,</strong></span> <span class='ocrx_word' id='word_1_290' title='bbox 759 3187 871 3242; x_wconf 77' lang='lat' dir='ltr'><strong>aelbrt</strong></span> <span class='ocrx_word' id='word_1_291' title='bbox 896 3186 1123 3242; x_wconf 86' lang='lat' dir='ltr'><strong>herabsetzte.</strong></span> <span class='ocrx_word' id='word_1_292' title='bbox 1165 3186 1228 3256; x_wconf 84' lang='lat' dir='ltr'><strong>Vgl.</strong></span> <span class='ocrx_word' id='word_1_293' title='bbox 1254 3189 1321 3241; x_wconf 84' lang='lat' dir='ltr'><strong>baec</strong></span> 
     </span>
     <span class='ocr_line' id='line_1_34' title="bbox 146 3255 1320 3326; baseline -0.001 -13"><span class='ocrx_word' id='word_1_294' title='bbox 146 3260 172 3316; x_wconf 92' lang='lat' dir='ltr'><strong>d.</strong></span> <span class='ocrx_word' id='word_1_295' title='bbox 201 3258 219 3313; x_wconf 90' lang='lat' dir='ltr'><strong>i.</strong></span> <span class='ocrx_word' id='word_1_296' title='bbox 248 3258 313 3312; x_wconf 91' lang='lat' dir='ltr'><strong>dem</strong></span> <span class='ocrx_word' id='word_1_297' title='bbox 341 3257 441 3313; x_wconf 88' lang='lat' dir='ltr'><strong>Oheim</strong></span> <span class='ocrx_word' id='word_1_298' title='bbox 471 3257 521 3311; x_wconf 89' lang='lat' dir='ltr'><strong>der</strong></span> <span class='ocrx_word' id='word_1_299' title='bbox 547 3255 705 3326; x_wconf 86' lang='lat' dir='ltr'><strong>Cleopatra,</strong></span> <span class='ocrx_word' id='word_1_300' title='bbox 758 3259 868 3312; x_wconf 82' lang='lat' dir='ltr'><strong>sordeat</strong></span> <span class='ocrx_word' id='word_1_301' title='bbox 892 3259 973 3325; x_wconf 74' lang='lat' dir='ltr'><strong>mibi,</strong></span> <span class='ocrx_word' id='word_1_302' title='bbox 1001 3257 1027 3311; x_wconf 93' lang='lat' dir='ltr'><strong>d.</strong></span> <span class='ocrx_word' id='word_1_303' title='bbox 1050 3258 1069 3311; x_wconf 88' lang='lat' dir='ltr'><strong>i.</strong></span> <span class='ocrx_word' id='word_1_304' title='bbox 1096 3259 1165 3312; x_wconf 75' lang='lat' dir='ltr'><strong>mebi</strong></span> <span class='ocrx_word' id='word_1_305' title='bbox 1190 3259 1320 3313; x_wconf 78' lang='lat' dir='ltr'><strong>uideatur</strong></span> 
     </span>
     <span class='ocr_line' id='line_1_35' title="bbox 144 3328 879 3399; baseline -0.001 -14"><span class='ocrx_word' id='word_1_306' title='bbox 144 3329 198 3385; x_wconf 91' lang='lat' dir='ltr'><strong>mit</strong></span> <span class='ocrx_word' id='word_1_307' title='bbox 215 3330 266 3384; x_wconf 85' lang='lat' dir='ltr'><strong>der</strong></span> <span class='ocrx_word' id='word_1_308' title='bbox 280 3329 340 3384; x_wconf 86' lang='lat' dir='ltr'><strong>sich</strong></span> <span class='ocrx_word' id='word_1_309' title='bbox 349 3328 463 3399; x_wconf 90' lang='lat' dir='ltr'><strong>Philipp</strong></span> <span class='ocrx_word' id='word_1_310' title='bbox 474 3335 525 3384; x_wconf 78' lang='grc'><strong>337</strong></span> <span class='ocrx_word' id='word_1_311' title='bbox 539 3328 705 3396; x_wconf 74' lang='grc'>2222211112,</span> <span class='ocrx_word' id='word_1_312' title='bbox 757 3329 879 3384; x_wconf 77' lang='lat' dir='ltr'><strong>sordida.</strong></span> 
     </span>
     <span class='ocr_line' id='line_1_36' title="bbox 144 3398 1318 3470; baseline -0.002 -14"><span class='ocrx_word' id='word_1_313' title='bbox 144 3400 240 3456; x_wconf 84' lang='lat' dir='ltr'><strong>indam</strong></span> <span class='ocrx_word' id='word_1_314' title='bbox 267 3417 298 3455; x_wconf 90' lang='lat' dir='ltr'><strong>er</strong></span> <span class='ocrx_word' id='word_1_315' title='bbox 325 3399 370 3455; x_wconf 89' lang='lat' dir='ltr'><strong>die</strong></span> <span class='ocrx_word' id='word_1_316' title='bbox 394 3399 537 3470; x_wconf 84' lang='lat' dir='ltr'><strong>Olympias</strong></span> <span class='ocrx_word' id='word_1_317' title='bbox 564 3398 704 3454; x_wconf 83' lang='lat' dir='ltr'><strong>veratiess.</strong></span> <span class='ocrx_word' id='word_1_318' title='bbox 794 3405 836 3454; x_wconf 85' lang='grc'><strong>21.</strong></span> <span class='ocrx_word' id='word_1_319' title='bbox 868 3402 898 3454; x_wconf 78' lang='lat' dir='ltr'><strong>ei</strong></span> <span class='ocrx_word' id='word_1_320' title='bbox 929 3401 1014 3469; x_wconf 79' lang='lat' dir='ltr'><strong>ipsi,</strong></span> <span class='ocrx_word' id='word_1_321' title='bbox 1050 3404 1168 3469; x_wconf 72' lang='lat' dir='ltr'><strong>ergbnae</strong></span> <span class='ocrx_word' id='word_1_322' title='bbox 1200 3401 1318 3457; x_wconf 78' lang='lat' dir='ltr'><strong>creditis.</strong></span> 
     </span>
     <span class='ocr_line' id='line_1_37' title="bbox 144 3469 1317 3539; baseline -0.001 -12"><span class='ocrx_word' id='word_1_323' title='bbox 144 3472 203 3527; x_wconf 86' lang='lat' dir='ltr'><strong>Aul</strong></span> <span class='ocrx_word' id='word_1_324' title='bbox 219 3471 362 3526; x_wconf 85' lang='lat' dir='ltr'><strong>Anstiften</strong></span> <span class='ocrx_word' id='word_1_325' title='bbox 380 3473 430 3527; x_wconf 89' lang='lat' dir='ltr'><strong>der</strong></span> <span class='ocrx_word' id='word_1_326' title='bbox 447 3471 592 3526; x_wconf 80' lang='lat' dir='ltr'><strong>Letateren</strong></span> <span class='ocrx_word' id='word_1_327' title='bbox 610 3469 704 3524; x_wconf 81' lang='lat' dir='ltr'><strong>warda</strong></span> <span class='ocrx_word' id='word_1_328' title='bbox 758 3470 839 3525; x_wconf 88' lang='lat' dir='ltr'><strong>Naeh</strong></span> <span class='ocrx_word' id='word_1_329' title='bbox 853 3470 1024 3526; x_wconf 81' lang='lat' dir='ltr'><strong>Alexanders</strong></span> <span class='ocrx_word' id='word_1_330' title='bbox 1041 3471 1175 3539; x_wconf 84' lang='lat' dir='ltr'><strong>Meinung</strong></span> <span class='ocrx_word' id='word_1_331' title='bbox 1192 3469 1231 3524; x_wconf 90' lang='grc'><strong>121</strong></span> <span class='ocrx_word' id='word_1_332' title='bbox 1244 3470 1317 3526; x_wconf 91' lang='lat' dir='ltr'><strong>Phil.</strong></span> 
     </span>
     <span class='ocr_line' id='line_1_38' title="bbox 144 3540 1320 3611; baseline -0.003 -13"><span class='ocrx_word' id='word_1_333' title='bbox 144 3545 204 3598; x_wconf 89' lang='lat' dir='ltr'><strong>Att.</strong></span> <span class='ocrx_word' id='word_1_334' title='bbox 227 3549 280 3597; x_wconf 76' lang='lat'><strong>33⁶</strong></span> <span class='ocrx_word' id='word_1_335' title='bbox 304 3543 334 3596; x_wconf 87' lang='lat' dir='ltr'><strong>in</strong></span> <span class='ocrx_word' id='word_1_336' title='bbox 358 3543 532 3609; x_wconf 87' lang='lat' dir='ltr'><strong>Kleinasien,</strong></span> <span class='ocrx_word' id='word_1_337' title='bbox 557 3540 653 3596; x_wconf 82' lang='lat' dir='ltr'><strong>wohin</strong></span> <span class='ocrx_word' id='word_1_338' title='bbox 675 3557 705 3594; x_wconf 90' lang='lat' dir='ltr'><strong>er</strong></span> <span class='ocrx_word' id='word_1_339' title='bbox 758 3541 808 3596; x_wconf 91' lang='lat' dir='ltr'><strong>der</strong></span> <span class='ocrx_word' id='word_1_340' title='bbox 825 3541 964 3597; x_wconf 72' lang='grc'>1122111122</span> <span class='ocrx_word' id='word_1_341' title='bbox 981 3542 1030 3596; x_wconf 78' lang='lat' dir='ltr'><strong>der</strong></span> <span class='ocrx_word' id='word_1_342' title='bbox 1047 3541 1205 3610; x_wconf 81' lang='lat' dir='ltr'><strong>Ansehlags</strong></span> <span class='ocrx_word' id='word_1_343' title='bbox 1226 3558 1320 3611; x_wconf 82' lang='lat' dir='ltr'><strong>gagen</strong></span> 
     </span>
     <span class='ocr_line' id='line_1_39' title="bbox 144 3611 1318 3684; baseline -0.002 -16"><span class='ocrx_word' id='word_1_344' title='bbox 144 3613 198 3668; x_wconf 88' lang='lat' dir='ltr'><strong>mit</strong></span> <span class='ocrx_word' id='word_1_345' title='bbox 215 3613 362 3669; x_wconf 91' lang='lat' dir='ltr'><strong>Parmenio</strong></span> <span class='ocrx_word' id='word_1_346' title='bbox 386 3629 620 3684; x_wconf 78' lang='lat' dir='ltr'><strong>vorangegangen</strong></span> <span class='ocrx_word' id='word_1_347' title='bbox 637 3629 704 3680; x_wconf 81' lang='lat' dir='ltr'><strong>war,</strong></span> <span class='ocrx_word' id='word_1_348' title='bbox 759 3612 808 3667; x_wconf 89' lang='grc'>(122</span> <span class='ocrx_word' id='word_1_349' title='bbox 827 3613 934 3682; x_wconf 78' lang='lat' dir='ltr'><strong>Kbnigs</strong></span> <span class='ocrx_word' id='word_1_350' title='bbox 952 3612 1059 3678; x_wconf 65' lang='lat' dir='ltr'><strong>Lebaia</strong></span> <span class='ocrx_word' id='word_1_351' title='bbox 1085 3629 1135 3667; x_wconf 88' lang='grc'><strong>222</strong></span> <span class='ocrx_word' id='word_1_352' title='bbox 1158 3611 1236 3682; x_wconf 86' lang='lat' dir='ltr'><strong>dem,</strong></span> <span class='ocrx_word' id='word_1_353' title='bbox 1259 3629 1318 3666; x_wconf 85' lang='lat' dir='ltr'><strong>was</strong></span> 
     </span>
     <span class='ocr_line' id='line_1_40' title="bbox 146 3683 1318 3766; baseline -0.002 -27"><span class='ocrx_word' id='word_1_354' title='bbox 146 3685 295 3742; x_wconf 88' lang='lat' dir='ltr'><strong>ermordet.</strong></span> <span class='ocrx_word' id='word_1_355' title='bbox 756 3683 1318 3766; x_wconf 60' lang='grc'>12222221121228221221222211281228</span> 
     </span>
    </p>

    <p class='ocr_par' dir='ltr' id='par_1_4' title="bbox 144 3753 1318 4039">
     <span class='ocr_line' id='line_1_41' title="bbox 182 3753 1318 3826; baseline -0.003 -16"><span class='ocrx_word' id='word_1_356' title='bbox 182 3762 222 3812; x_wconf 91' lang='lat'><strong>18.</strong></span> <span class='ocrx_word' id='word_1_357' title='bbox 250 3772 283 3810; x_wconf 80' lang='lat' dir='ltr'><strong>ec</strong></span> <span class='ocrx_word' id='word_1_358' title='bbox 308 3756 446 3825; x_wconf 78' lang='lat' dir='ltr'><strong>quidem.</strong></span> <span class='ocrx_word' id='word_1_359' title='bbox 497 3755 624 3826; x_wconf 73' lang='lat' dir='ltr'><strong>Quidem,</strong></span> <span class='ocrx_word' id='word_1_360' title='bbox 654 3754 704 3808; x_wconf 89' lang='lat' dir='ltr'><strong>das</strong></span> <span class='ocrx_word' id='word_1_361' title='bbox 754 3753 1318 3824; x_wconf 57' lang='grc'>1212212112(1221222222,(122222222</span> 
     </span>
     <span class='ocr_line' id='line_1_42' title="bbox 145 3825 1317 3898; baseline -0.004 -16"><span class='ocrx_word' id='word_1_362' title='bbox 145 3827 257 3898; x_wconf 79' lang='lat' dir='ltr'><strong>cigentl.</strong></span> <span class='ocrx_word' id='word_1_363' title='bbox 286 3845 348 3881; x_wconf 85' lang='lat' dir='ltr'><strong>zum</strong></span> <span class='ocrx_word' id='word_1_364' title='bbox 373 3825 497 3881; x_wconf 88' lang='lat' dir='ltr'><strong>Verbum</strong></span> <span class='ocrx_word' id='word_1_365' title='bbox 526 3827 640 3896; x_wconf 77' lang='lat' dir='ltr'><strong>gehdrt,</strong></span> <span class='ocrx_word' id='word_1_366' title='bbox 667 3826 706 3880; x_wconf 88' lang='grc'><strong>121</strong></span> <span class='ocrx_word' id='word_1_367' title='bbox 759 3825 910 3880; x_wconf 86' lang='lat' dir='ltr'><strong>densclben</strong></span> <span class='ocrx_word' id='word_1_368' title='bbox 942 3827 1064 3894; x_wconf 83' lang='lat' dir='ltr'><strong>gewasst</strong></span> <span class='ocrx_word' id='word_1_369' title='bbox 1090 3825 1147 3878; x_wconf 87' lang='lat' dir='ltr'><strong>und</strong></span> <span class='ocrx_word' id='word_1_370' title='bbox 1174 3825 1220 3878; x_wconf 92' lang='lat' dir='ltr'><strong>die</strong></span> <span class='ocrx_word' id='word_1_371' title='bbox 1246 3827 1317 3879; x_wconf 85' lang='lat' dir='ltr'><strong>Aus-</strong></span> 
     </span>
     <span class='ocr_line' id='line_1_43' title="bbox 144 3895 1316 3966; baseline 0 -16"><span class='ocrx_word' id='word_1_372' title='bbox 144 3914 210 3952; x_wconf 90' lang='lat' dir='ltr'><strong>vom</strong></span> <span class='ocrx_word' id='word_1_373' title='bbox 241 3898 432 3953; x_wconf 87' lang='lat' dir='ltr'><strong>Pronomen</strong></span> <span class='ocrx_word' id='word_1_374' title='bbox 468 3898 600 3953; x_wconf 84' lang='lat' dir='ltr'><strong>attrahirt</strong></span> <span class='ocrx_word' id='word_1_375' title='bbox 632 3913 704 3952; x_wconf 75' lang='grc'>2222-</span> <span class='ocrx_word' id='word_1_376' title='bbox 758 3896 882 3966; x_wconf 74' lang='lat' dir='ltr'><strong>fithrung</strong></span> <span class='ocrx_word' id='word_1_377' title='bbox 904 3896 1070 3952; x_wconf 87' lang='grc' dir='ltr'>(122Ρ12222</span> <span class='ocrx_word' id='word_1_378' title='bbox 1092 3895 1174 3950; x_wconf 87' lang='lat' dir='ltr'><strong>nicht</strong></span> <span class='ocrx_word' id='word_1_379' title='bbox 1196 3896 1316 3965; x_wconf 79' lang='lat' dir='ltr'><strong>gebin·</strong></span> 
     </span>
     <span class='ocr_line' id='line_1_44' title="bbox 145 3967 940 4039; baseline 0.001 -16"><span class='ocrx_word' id='word_1_380' title='bbox 145 3969 207 4026; x_wconf 89' lang='lat' dir='ltr'><strong>den.</strong></span> <span class='ocrx_word' id='word_1_381' title='bbox 243 3970 281 4024; x_wconf 79' lang='lat' dir='ltr'><strong>Er</strong></span> <span class='ocrx_word' id='word_1_382' title='bbox 305 3969 451 4039; x_wconf 82' lang='lat' dir='ltr'><strong>geschieht</strong></span> <span class='ocrx_word' id='word_1_383' title='bbox 469 3968 528 4024; x_wconf 83' lang='lat' dir='ltr'><strong>dies</strong></span> <span class='ocrx_word' id='word_1_384' title='bbox 551 3969 649 4037; x_wconf 69' lang='lat' dir='ltr'><strong>htufig</strong></span> <span class='ocrx_word' id='word_1_385' title='bbox 665 3968 704 4021; x_wconf 91' lang='lat' dir='ltr'><strong>im</strong></span> <span class='ocrx_word' id='word_1_386' title='bbox 758 3967 835 4022; x_wconf 89' lang='lat' dir='ltr'><strong>dert</strong></span> <span class='ocrx_word' id='word_1_387' title='bbox 852 3968 940 4024; x_wconf 83' lang='lat' dir='ltr'><strong>hatte.</strong></span> 
     </span>
    </p>

    <p class='ocr_par' dir='ltr' id='par_1_5' title="bbox 143 4037 1318 4178">
     <span class='ocr_line' id='line_1_45' title="bbox 144 4037 1317 4112; baseline -0.003 -18"><span class='ocrx_word' id='word_1_388' title='bbox 144 4040 251 4097; x_wconf 85' lang='lat' dir='ltr'><strong>Latein.</strong></span> <span class='ocrx_word' id='word_1_389' title='bbox 292 4042 356 4112; x_wconf 79' lang='lat' dir='ltr'><strong>Vgl.</strong></span> <span class='ocrx_word' id='word_1_390' title='bbox 386 4060 407 4094; x_wconf 84' lang='lat' dir='ltr'><strong>a.</strong></span> <span class='ocrx_word' id='word_1_391' title='bbox 431 4040 512 4095; x_wconf 80' lang='grc' dir='ltr'>Β.’8.</span> <span class='ocrx_word' id='word_1_392' title='bbox 537 4045 577 4095; x_wconf 88' lang='grc'><strong>10.</strong></span> <span class='ocrx_word' id='word_1_393' title='bbox 601 4044 645 4094; x_wconf 82' lang='grc'><strong>29.</strong></span> <span class='ocrx_word' id='word_1_394' title='bbox 669 4070 703 4079; x_wconf 89' lang='grc'><strong>-</strong></span> <span class='ocrx_word' id='word_1_395' title='bbox 793 4045 837 4096; x_wconf 89' lang='grc'><strong>22.</strong></span> <span class='ocrx_word' id='word_1_396' title='bbox 855 4039 1112 4108; x_wconf 78' lang='lat' dir='ltr'><strong>ipeiposciatis.</strong></span> <span class='ocrx_word' id='word_1_397' title='bbox 1140 4037 1317 4092; x_wconf 86' lang='lat' dir='ltr'><strong>Keineleerc</strong></span> 
     </span>
     <span class='ocr_line' id='line_1_46' title="bbox 143 4107 1318 4178; baseline -0.003 -12"><span class='ocrx_word' id='word_1_398' title='bbox 143 4113 270 4167; x_wconf 78' lang='lat' dir='ltr'><strong>modam</strong></span> <span class='ocrx_word' id='word_1_399' title='bbox 289 4112 447 4178; x_wconf 77' lang='lat' dir='ltr'><strong>bominis,</strong></span> <span class='ocrx_word' id='word_1_400' title='bbox 465 4127 486 4168; x_wconf 87' lang='grc'><strong>2.</strong></span> <span class='ocrx_word' id='word_1_401' title='bbox 505 4128 540 4165; x_wconf 79' lang='lat' dir='ltr'><strong>au</strong></span> <span class='ocrx_word' id='word_1_402' title='bbox 559 4116 582 4165; x_wconf 88' lang='lat'><strong>1.</strong></span> <span class='ocrx_word' id='word_1_403' title='bbox 604 4116 644 4164; x_wconf 78' lang='grc'><strong>17.</strong></span> <span class='ocrx_word' id='word_1_404' title='bbox 757 4109 862 4165; x_wconf 87' lang='lat' dir='ltr'><strong>Phrase</strong></span> <span class='ocrx_word' id='word_1_405' title='bbox 881 4116 944 4166; x_wconf 79' lang='grc'><strong>24.</strong></span> <span class='ocrx_word' id='word_1_406' title='bbox 962 4115 1046 4165; x_wconf 70' lang='grc'>131.</span> <span class='ocrx_word' id='word_1_407' title='bbox 1078 4107 1131 4164; x_wconf 90' lang='lat' dir='ltr'><strong>Die</strong></span> <span class='ocrx_word' id='word_1_408' title='bbox 1149 4108 1318 4178; x_wconf 77' lang='lat' dir='ltr'><strong>Aenderung</strong></span> 
     </span>
    </p>

    <p class='ocr_par' dir='ltr' id='par_1_6' title="bbox 134 4180 1317 4394">
     <span class='ocr_line' id='line_1_47' title="bbox 181 4180 1138 4264; baseline -0.002 -27"><span class='ocrx_word' id='word_1_409' title='bbox 181 4189 223 4237; x_wconf 79' lang='lat'><strong>19.</strong></span> <span class='ocrx_word' id='word_1_410' title='bbox 242 4184 361 4248; x_wconf 74' lang='lat' dir='ltr'><strong>animi,</strong></span> <span class='ocrx_word' id='word_1_411' title='bbox 384 4182 434 4237; x_wconf 90' lang='lat' dir='ltr'><strong>das</strong></span> <span class='ocrx_word' id='word_1_412' title='bbox 452 4180 615 4252; x_wconf 77' lang='lat' dir='ltr'><strong>regiarende</strong></span> <span class='ocrx_word' id='word_1_413' title='bbox 634 4180 704 4236; x_wconf 84' lang='lat' dir='ltr'><strong>Sub-</strong></span> <span class='ocrx_word' id='word_1_414' title='bbox 756 4181 847 4250; x_wconf 79' lang='lat' dir='ltr'><strong>iprum</strong></span> <span class='ocrx_word' id='word_1_415' title='bbox 865 4181 974 4236; x_wconf 85' lang='lat' dir='ltr'><strong>scheint</strong></span> <span class='ocrx_word' id='word_1_416' title='bbox 991 4181 1138 4264; x_wconf 70' lang='lat' dir='ltr'><strong>unnothig.</strong></span> 
     </span>
     <span class='ocr_line' id='line_1_48' title="bbox 144 4251 1317 4321; baseline -0.002 -14"><span class='ocrx_word' id='word_1_417' title='bbox 144 4254 249 4308; x_wconf 75' lang='lat' dir='ltr'><strong>stantiv</strong></span> <span class='ocrx_word' id='word_1_418' title='bbox 267 4254 396 4308; x_wconf 81' lang='lat' dir='ltr'><strong>aiemlich</strong></span> <span class='ocrx_word' id='word_1_419' title='bbox 414 4255 480 4308; x_wconf 86' lang='lat' dir='ltr'><strong>hart</strong></span> <span class='ocrx_word' id='word_1_420' title='bbox 497 4252 704 4321; x_wconf 80' lang='lat' dir='ltr'><strong>eingeschobcn</strong></span> <span class='ocrx_word' id='word_1_421' title='bbox 792 4257 835 4306; x_wconf 87' lang='grc'><strong>23.</strong></span> <span class='ocrx_word' id='word_1_422' title='bbox 853 4267 919 4306; x_wconf 78' lang='lat' dir='ltr'><strong>uon</strong></span> <span class='ocrx_word' id='word_1_423' title='bbox 937 4252 1051 4319; x_wconf 81' lang='lat' dir='ltr'><strong>debui,</strong></span> <span class='ocrx_word' id='word_1_424' title='bbox 1068 4252 1134 4307; x_wconf 78' lang='lat' dir='ltr'><strong>weil</strong></span> <span class='ocrx_word' id='word_1_425' title='bbox 1147 4251 1193 4307; x_wconf 91' lang='lat' dir='ltr'><strong>ein</strong></span> <span class='ocrx_word' id='word_1_426' title='bbox 1207 4253 1317 4306; x_wconf 87' lang='lat' dir='ltr'><strong>soloher</strong></span> 
     </span>
     <span class='ocr_line' id='line_1_49' title="bbox 134 4320 1316 4394; baseline -0.001 -18"><span class='ocrx_word' id='word_1_427' title='bbox 134 4323 168 4376; x_wconf 82' lang='lat' dir='ltr'><strong>iu</strong></span> <span class='ocrx_word' id='word_1_428' title='bbox 181 4324 379 4381; x_wconf 76' lang='lat' dir='ltr'><strong>dasdtttibut.</strong></span> <span class='ocrx_word' id='word_1_429' title='bbox 404 4323 486 4380; x_wconf 88' lang='lat' dir='ltr'><strong>Doch</strong></span> <span class='ocrx_word' id='word_1_430' title='bbox 499 4322 571 4377; x_wconf 86' lang='lat' dir='ltr'><strong>liebt</strong></span> <span class='ocrx_word' id='word_1_431' title='bbox 581 4320 611 4378; x_wconf 80' lang='lat' dir='ltr'><strong>G.</strong></span> <span class='ocrx_word' id='word_1_432' title='bbox 624 4323 703 4377; x_wconf 81' lang='lat' dir='ltr'><strong>disse</strong></span> <span class='ocrx_word' id='word_1_433' title='bbox 756 4323 950 4378; x_wconf 83' lang='lat' dir='ltr'><strong>Verdachtals</strong></span> <span class='ocrx_word' id='word_1_434' title='bbox 963 4321 1141 4394; x_wconf 76' lang='lat' dir='ltr'><strong>unwfirdig</strong></span> <span class='ocrx_word' id='word_1_435' title='bbox 1155 4323 1316 4378; x_wconf 86' lang='lat' dir='ltr'><strong>erscheinen</strong></span> 
     </span>
    </p>

    <p class='ocr_par' dir='ltr' id='par_1_7' title="bbox 71 4392 873 4504">
     <span class='ocr_line' id='line_1_50' title="bbox 71 4392 873 4504; baseline 0.005 -58"><span class='ocrx_word' id='word_1_436' title='bbox 71 4400 103 4504; x_wconf 52' lang='grc' dir='ltr'>ι</span> <span class='ocrx_word' id='word_1_437' title='bbox 128 4392 345 4467; x_wconf 77' lang='lat' dir='ltr'><strong>Wortstellung.</strong></span> <span class='ocrx_word' id='word_1_438' title='bbox 385 4396 414 4453; x_wconf 80' lang='lat' dir='ltr'><strong>S.</strong></span> <span class='ocrx_word' id='word_1_439' title='bbox 440 4415 463 4452; x_wconf 80' lang='grc'><strong>2.</strong></span> <span class='ocrx_word' id='word_1_440' title='bbox 482 4395 516 4452; x_wconf 94' lang='grc' dir='ltr'><strong>Β.</strong></span> <span class='ocrx_word' id='word_1_441' title='bbox 540 4394 615 4453; x_wconf 90' lang='lat' dir='ltr'><strong>oben</strong></span> <span class='ocrx_word' id='word_1_442' title='bbox 638 4398 704 4466; x_wconf 75' lang='lat'><strong>§83</strong></span> <span class='ocrx_word' id='word_1_443' title='bbox 757 4395 873 4450; x_wconf 81' lang='grc'>2122212.</span> 
     </span>
    </p>
   </div>
   <div class='ocr_carea' id='block_1_4' title="bbox 0 0 1400 4792">
    <p class='ocr_par' dir='ltr' id='par_1_8' title="bbox 0 0 1400 4792">
     <span class='ocr_line' id='line_1_51' title="bbox 0 0 1400 4792; baseline 0 1"><span class='ocrx_word' id='word_1_444' title='bbox 0 0 1400 4792; x_wconf 95' lang='lat' dir='ltr'><strong> </strong></span> 
     </span>
    </p>
   </div>
  </div>
 </body>
</html>
