2790 4792
384 223 640 280 HISTORIARUM
658 224 877 280 ALEXANDRI
895 224 984 294 VIIII,
1003 232 1027 280 3.
1047 231 1072 280 4.
1252 224 1316 288 179

140 388 305 453 subiecere
328 388 423 451 tectis
444 409 540 471 seque
561 409 598 452 ac
621 386 740 452 liberos
760 387 976 471 coniugesque
995 387 1144 453 incendio
1164 391 1318 453 cremant.

140 476 233 552 Quod
267 498 338 539 curn
371 476 436 559 ipsi
469 479 641 560 augerent,
672 475 784 540 hostes
817 475 1060 560 extinguerent,
1094 497 1178 540 nova
1208 476 1351 542 format

139 586 269 649 pugnae
284 567 363 628 erat.
400 564 562 629 Delehant
580 565 706 629 incolae
720 564 842 647 urbem,
860 564 980 637 hostes
987 562 1217 630 defendebant:
1237 566 1316 631 adeo

140 655 240 718 etiam
271 656 407 716 naturae
439 653 512 718 iura
543 653 669 718 bellum
695 655 730 717 in
758 653 956 718 contrarium
984 650 1099 717 mutat.
1149 652 1219 717 Arx
1246 657 1351 718 erata

140 743 252 826 oppidi
275 742 409 824 intacta,
432 742 466 805 in
490 764 554 826 qua
567 742 766 825 praesidium
785 740 968 826 dereliquit.
1004 740 1079 825 Ipse
1097 742 1237 825 navigiis
1256 742 1317 806 cir-

86 833 129 899 15
139 835 326 895 cumvectus
355 835 405 895 est
433 852 550 895 arcem.
596 829 724 914 Quippe
746 849 785 895 111
809 831 944 895 flumina
972 834 1043 895 tota
1066 829 1160 894 India
1186 835 1317 913 praeter

138 919 277 1003 Gangen
301 920 445 983 maxima
467 919 668 984 munimento
694 920 777 984 arcis
801 919 968 1002 adplicant
987 919 1100 983 undas.
1139 918 1316 1001 Asepten·

139 1009 245 1072 trione
268 1005 366 1071 Indus
391 1007 510 1090 adluit,
539 1030 559 1072 a
581 1008 715 1072 meridie
738 1008 896 1072 Acesines
920 1007 1071 1091 Hydaspi
1095 1007 1314 1072 confunditur.

140 1094 292 1160 Ceterum
312 1097 457 1160 amnium
475 1101 586 1161 coetus
605 1097 780 1161 maritimis
800 1096 924 1161 similes
943 1096 1057 1161 fluctus
1073 1100 1183 1161 movet
1196 1097 1313 1161 multo·
1333 1110 1350 1158 9

141 1207 202 1268 que
226 1207 262 1249 ac
281 1184 412 1249 turbido
431 1185 520 1267 limo,
544 1185 630 1269 quod
649 1207 806 1269 aquarum
825 1206 981 1250 concursu
1000 1185 1136 1249 subinde
1155 1184 1315 1268 turbatur,

136 1275 217 1356 iter,
244 1295 308 1356 qua
331 1277 458 1337 meatur
480 1273 634 1359 navigiis,
657 1274 692 1337 in
714 1275 845 1339 tenuem
868 1275 996 1339 alveum
1018 1275 1154 1358 cogitur.
1199 1275 1314 1359 Itaque
1335 1287 1369 1336 10

140 1383 212 1425 cum
236 1361 341 1426 crebri
363 1361 479 1426 fluctus
504 1383 538 1425 se
562 1361 750 1427 inveherent
773 1366 807 1426 et
829 1363 962 1427 navium
984 1361 1061 1426 hinc
1083 1384 1212 1446 proras,
1239 1362 1314 1426 hinc

139 1452 244 1514 latera
267 1450 445 1533 pulsarent,
468 1450 645 1515 subducere
667 1456 787 1515 nautae
811 1452 884 1515 vela
907 1455 1089 1535 coeperunt.
1135 1450 1197 1516 Sed
1220 1452 1314 1515 mini·

138 1539 239 1604 steria
262 1560 374 1602 eorum
401 1538 476 1602 hinc
504 1544 607 1622 metu,
635 1539 711 1604 hinc
738 1539 932 1623 praerapida
955 1540 1122 1604 eeleritate
1144 1540 1314 1604 fluminum

138 1631 348 1711 occupantur.
392 1625 432 1690 In
460 1627 563 1691 oeulis
586 1627 732 1691 omnium
756 1629 819 1693 duo
843 1628 969 1692 maiora
990 1629 1124 1713 navigia
1146 1629 1314 1694 submersa
1334 1642 1366 1691 11

138 1720 225 1782 sunt:
250 1716 381 1799 leviora,
404 1737 478 1780 cum
501 1719 534 1780 et
556 1716 629 1798 ipsa
650 1717 824 1800 nequirent
846 1716 927 1801 regi,
949 1717 983 1780 in
1005 1716 1111 1800 ripam
1133 1720 1243 1781 tamen
1265 1719 1312 1781 in-

136 1805 235 1871 noxia
258 1805 391 1888 expulsa
415 1807 498 1869 sunt.
543 1803 618 1887 Ipse
646 1826 703 1869 rex
726 1805 761 1869 in
783 1802 1008 1886 rapidissimos
1032 1804 1168 1868 vertices
1192 1806 1314 1882 incidit,

139 1893 256 1977 quibus
274 1893 398 1958 intorta
415 1893 509 1957 navis
529 1893 662 1977 obliqua
681 1897 714 1958 et
734 1891 946 1977 gubernaculi
962 1893 1127 1975 inpatiens
1147 1893 1314 1976 agebatur.

136 1982 208 2046 Iam
240 1986 365 2046 vestem
397 1981 583 2046 detraxerat
616 1982 743 2066 corpori
770 1981 973 2065 proiecturus
1002 1985 1105 2045 semet
1131 1981 1168 2045 in
1193 1982 1313 2046 fiumen
1335 1995 1366 2044 12

140 2070 308 2155 amicique,
331 2073 368 2134 ut
387 2071 571 2154 exciperent
590 2091 673 2155 eum,
691 2070 779 2135 haud
798 2070 910 2153 procul
929 2071 1054 2134 nebant
1073 2069 1314 2154 adparebatque

138 2181 254 2242 anceps
282 2159 464 2243 periculum
492 2163 558 2223 tam
585 2159 732 2223 nataturi
759 2181 857 2243 quam
884 2159 1041 2242 navigare
1068 2159 1313 2243 perseverantie.

137 2248 228 2332 Ergo
251 2249 377 2332 ingenti
396 2248 570 2312 certamine
590 2249 754 2313 concitant
772 2268 879 2312 remos
900 2251 1084 2332 quantaque
1102 2247 1151 2312 vis
1170 2247 1313 2311 humana
1333 2259 1367 2310 13

139 2339 237 2417 [esse]
260 2340 391 2420 poterat
414 2337 547 2401 admota
571 2341 629 2420 est,
651 2341 688 2402 ut
710 2337 835 2421 fluctus,
859 2338 914 2420 qui
939 2357 973 2400 se
996 2335 1203 2419 invehebant,
1226 2357 1312 2400 ever-

137 2426 337 2489 berarentur.
388 2423 483 2488 Findi
515 2425 661 2490 crederes
692 2425 796 2490 ‘undas
829 2429 862 2488 et
893 2430 981 2489 retro
1015 2425 1161 2508 gurgites
1194 2424 1313 2488 cedere.
1334 2437 1368 2486 14

138 2513 263 2589 Quibus
287 2513 419 2577 tandem
447 2514 539 2577 navis
564 2518 675 2596 erepta
697 2535 764 2578 non
786 2517 897 2577 tamen
918 2514 1009 2596 ripae
1037 2513 1230 2596 adplicatur,
1258 2512 1315 2576 sed

137 2604 172 2665 in
198 2602 382 2684 proximum
411 2602 529 2666 vadum
557 2602 714 2666 inliditur.
760 2599 842 2667 Cum
870 2601 957 2666 amni
980 2600 1103 2665 bellurn
1125 2600 1226 2665 fuisse
1250 2622 1314 2665 cre-

175 2760 520 2827 tragacantham.
554 2758 617 2828 Vgl.
633 2765 656 2814 5.
673 2765 697 2813 6.
788 2763 813 2811 9.
847 2761 958 2813 coetus
983 2783 1017 2804 ==
1044 2757 1146 2822 calba,
1175 2754 1314 2882 repentest

140 2836 186 2896 17,
214 2830 295 2884 doch·
314 2829 353 2884 iet
380 2830 444 2885 dort
470 2846 521 2898 que
543 2828 623 2884 nicht
645 2829 698 2883 vie
753 2828 831 2883 class.
854 2846 908 2882 nur
925 2845 980 2883 von
997 2827 1139 2882 Personen
1157 2827 1232 2882 ublic
1254 2871 1260 2884 .
1280 2859 1314 2869 -

137 2900 199 2954 hier
214 2900 406 2969 ankniipfend‚
419 2900 540 2954 condem
553 2916 604 2968 que
617 2917 651 2955 oc
664 2926 698 2947 =
752 2904 881 2955 meatur
899 2916 920 2955 s.
939 2905 965 2954 3.
986 2907 1010 2954 6.
1031 2905 1073 2953 14.

138 2970 168 3025 τὲ
188 2972 245 3024 καί.
282 2971 363 3026 Nach
381 2971 488 3026 Diodor
507 2971 635 3025 steelxten
653 2971 698 3024 die
789 2976 831 3024 10.
849 2971 1034 3026 subducere
1051 2970 1139 3037 cela,
1159 2969 1216 3025 ‘dic
1231 2969 1314 3041 Segel

137 3041 318 3097 Macedonier
340 3043 386 3096 die
411 3040 494 3097 Stadt
515 3041 555 3095 im
576 3042 647 3095 Zcrn
669 3042 698 3096 in
752 3041 896 3097 einreffen'
917 3042 969 3096 wie
984 3043 1011 3096 b.
1025 3040 1106 3096 Alex.
1120 3047 1163 3097 45.
1178 3047 1203 3096 4.
1236 3041 1314 3097 Viol-

136 3113 238 3166 Brand.
250 3119 440 3168 -aaturac
453 3114 546 3178 tara,
562 3112 619 3167 ‘die
633 3113 696 3167 dem
751 3113 840 3168 leicht
861 3114 972 3168 schrieb
992 3112 1067 3167 Curt.
1091 3130 1143 3166 nur
1166 3112 1315 3166 subducere

136 3184 288 3238 Menschen
302 3184 498 3252 angeborenen
509 3183 698 3252 Naturtriebe,
750 3186 798 3249 (sc.
816 3188 911 3252 aava)
928 3209 963 3230 =
981 3179 1125 3251 cistarcia,
1151 3182 1212 3237 ‘ans
1234 3182 1315 3237 Laud

137 3254 591 3310 t'rei:dienatr'irl.Verhtltnisee’.
607 3254 699 3308 Eben-
751 3254 882 3321 treiben’,
908 3272 929 3309 s.
953 3259 1082 3320 §11.—
1104 3258 1212 3318 aestu,
1236 3252 1262 3308 d.
1285 3253 1315 3309 h.

137 3325 697 3380 seimweitestensnneeebiiwrav.aaa
752 3326 840 3381 durch
873 3323 918 3378 die
945 3325 1168 3393 hochgehenden
1195 3323 1320 3394 Wogen,

173 3402 197 3452 8.
225 3397 299 3451 Ara
326 3401 411 3463 erat,
437 3396 529 3450 bbere.
556 3413 618 3449 nur
645 3394 698 3450 die
752 3396 799 3449 die
830 3395 925 3449 starlre
958 3394 1118 3465 Strtmung.
1148 3425 1183 3436 -
1217 3411 1319 3450 occu·⁴

137 3467 235 3536 Burg.
262 3499 295 3508 -
323 3468 539 3538 munimento,
565 3465 699 3520 collclxtiv
749 3483 834 3535 parc
848 3461 998 3534 (φθάνειν)
1016 3465 1054 3520 ist
1070 3465 1217 3520 mehrfach
1231 3466 1319 3521 aiem--

137 3538 191 3592 wie
205 3538 352 3592 mehrfach
365 3538 412 3593 bei
426 3537 454 3592 Ο.
471 3569 503 3577 —-
519 3538 700 3606 adplicaret
753 3537 811 3592 lich
830 3561 864 3582 τι
882 3537 1007 3606 inpedire
1011 3577 1021 3603 ‚
1038 3538 1159 3593 tutare.

137 3609 256 3664 uades.
293 3609 344 3663 Die
359 3609 506 3678 Metapher
525 3609 659 3663 erlbutert
672 3615 698 3662 4.
790 3612 832 3662 11.
865 3608 1032 3664 innoxia.
1084 3608 1176 3664 Schon
1208 3609 1319 3663 Sallust.

137 3685 162 3734 4.
184 3686 200 3733 3
220 3681 300 3734 belua
319 3681 356 3734 ad
374 3681 468 3735 molem
485 3681 582 3748 ingena
600 3695 699 3748 cerpus
752 3679 875 3735 braucht
887 3679 938 3734 das
947 3680 1030 3734 Wort
1043 3679 1082 3734 im
1096 3679 1228 3751 passiven
1238 3679 1317 3750 Sinn,

137 3751 281 3819 adplicuit.
304 3782 334 3790 —
356 3752 378 3803 I
380 3751 481 3818 adue,
504 3754 550 3805 ein
567 3751 699 3820 Irrthum,
753 3750 880 3820 htufiger
898 3750 944 3806 die
962 3751 1189 3810 Nachclaesiker.

136 3822 192 3875 den
215 3823 288 3876 auch
311 3822 392 3876 Diod.
417 3822 536 3892 begeht,
559 3839 612 3876 nur
634 3822 699 3876 dass
791 3826 832 3876 12.
860 3839 993 3893 aucupa
1012 3826 1237 3893 periculam,
1259 3846 1315 3884 von

136 3893 228 3946 dieser
238 3893 283 3947 die
292 3893 485 3962 Vereinigung
498 3892 547 3947 des
556 3890 699 3948 Acesines·
751 3892 855 3948 beiden
878 3893 974 3949 Saiten
997 3895 1136 3964 drohcnd,
1160 3898 1190 3950 in
1213 3897 1334 3955 beiden*

135 3963 284 4033 Hydaspes
303 3964 356 4018 mit
374 3965 438 4018 dem
452 3963 536 4018 Indus
555 3963 634 4018 nicht
649 3981 699 4017 un·
753 3963 851 4018 Fauen
869 3965 963 4034 glaich
981 3971 1069 4035 gross.
1101 3967 1166 4037 Vgl.
1181 3974 1311 4026 8.14.16.

136 4035 282 4089 mittelbar
304 4034 351 4089 bei
369 4035 419 4089 der
437 4036 597 4105 genannten
616 4033 700 4088 Stadt
790 4041 831 4089 la.
846 4041 984 4105 poterat
1001 4053 1042 4094 ec.
1062 4038 1207 4094 αάηιουθνὲ.
1244 4041 1315 4096 Eece

137 4107 226 4160 sucht.
265 4106 346 4160 Nach
368 4105 428 4159 Arr.
451 4125 479 4162 a.
503 4121 528 4159 a.
557 4105 699 4175 ereignete
751 4106 790 4161 ist
804 4107 879 4161 wohl
892 4107 1128 4162 zustreichen.—
1142 4111 1313 4168 everbera-

137 4176 198 4230 sich
222 4177 272 4231 das
294 4176 426 4246 folgende
444 4177 606 4232 Ahenteuer
623 4176 699 4231 beim
751 4183 885 4245 rentur,
905 4195 925 4232 s.
945 4184 970 4232 6.
991 4184 1032 4232 11.
1051 4183 1095 4233 31.

135 4246 287 4302 Einlaufen
301 4264 351 4301 aus
365 4248 430 4302 dem
440 4248 512 4318 Hyd.
527 4246 557 4301 in
567 4247 621 4300 den
630 4246 699 4301 Ace·
789 4254 830 4304 14.
850 4249 1021 4304 inliditur
1035 4275 1069 4295 =
1083 4246 1154 4319 perci
1168 4253 1223 4306 τῶν
1237 4254 1313 4308 νεῶν

136 4318 220 4374 sines.
262 4318 295 4371 In
319 4318 375 4372 den
392 4319 477 4373 Indus
500 4317 620 4386 ergiesst
639 4317 699 4372 sich
750 4314 830 4386 Ἀλέξ.
853 4317 895 4382 εἰς
917 4318 969 4389 τὴν
987 4320 1041 4389 γῆν
1061 4317 1207 4394 ἐξέπεσεν,
1229 4325 1311 4380 Diod.

136 4390 187 4444 der
206 4391 286 4443 Acer.
306 4396 342 4443 40
360 4388 464 4444 Meilen
483 4388 633 4445 stidlicher.
752 4421 786 4430 -
800 4391 898 4446 amai.
924 4389 953 4446 C.
968 4391 1020 4447 hat
1033 4393 1212 4453 nebenorrme
1220 4397 1312 4452 mehr-
1321 4348 1387 4480 ι

1045 4481 1098 4537 12*
