2790 4792
148 182 210 247 142
601 182 633 248 Q.
653 182 763 238 CURTI
780 183 867 238 RUFI

93 369 126 418 19
146 346 343 412 subduceret.
388 344 582 429 Praecipuus
611 348 680 410 erat
705 345 798 409 labor
821 366 945 429 eorum,
975 345 1030 428 qui
1052 343 1194 410 humeris
1217 366 1319 410 onera

143 437 329 521 portabant:
361 434 479 519 quippe
507 456 580 499 cum
603 435 792 518 semetipsos
814 454 924 518 regere
946 455 1013 498 non
1035 436 1181 516 possent,
1208 433 1243 497 in
1266 456 1317 497 ra-

143 523 235 608 pidos
267 523 410 608 gurgites
442 522 645 588 incommodo
678 544 773 587 onere
800 522 1039 606 auferebantur,
1076 525 1120 604 et,
1153 521 1229 585 dum
1257 544 1317 586 sua

144 613 280 697 quisque
308 611 412 695 spolia
441 611 594 696 consequi
621 611 741 694 studet,
771 611 875 675 maior
901 612 985 674 inter
1011 611 1099 694 ipsos
1123 632 1219 694 quam
1242 633 1316 675 curn

144 701 231 765 amni
253 703 325 765 orta
346 701 479 765 luctatio
503 702 562 785 est,
584 700 765 784 cumulique
788 700 985 764 sarcinarum
1007 699 1129 783 passim
1150 699 1316 764 fluitantes

90 811 124 859 20
142 790 311 874 plerosque
338 789 548 872 perculerant.
596 787 667 853 Rex
692 809 835 871 monere,
871 791 907 852 ut
935 787 1013 852 satis
1040 787 1198 851 haberent
1225 810 1316 852 arma

141 878 291 962 retinere,
323 881 429 943 cetera
459 899 493 941 se
524 877 731 942 redditurum.
781 875 843 942 Sed
874 897 978 961 neque
1010 876 1178 941 consilium
1210 898 1315 961 neque

142 967 312 1050 imperium
348 966 449 1050 accipi
483 969 628 1050 poterat:
675 965 882 1049 obstrepebat
917 964 993 1029 hinc
1029 969 1147 1048 metus,
1187 968 1317 1048 praeter

90 1077 123 1125 21
142 1055 229 1119 hunc
260 1054 398 1119 invicem
428 1055 621 1119 luctantium
651 1057 783 1118 mutuus
816 1055 943 1118 clamor.
997 1052 1141 1117 Tandem
1172 1076 1236 1137 qua
1271 1055 1316 1118 le-

141 1143 233 1207 niore
268 1145 375 1208 tractu
406 1143 511 1207 amnis
544 1143 648 1227 aperit
678 1143 810 1226 vadum,
847 1163 1016 1224 emersere,
1051 1163 1111 1205 nec
1143 1144 1318 1227 quicquam

89 1254 123 1302 22
141 1235 269 1317 praeter
295 1253 414 1315 paucas
442 1231 585 1296 sarcinas
613 1231 828 1296 desideratum
855 1234 913 1295 est.
958 1229 1066 1294 Deleri
1093 1231 1200 1314 potuit
1228 1253 1314 1295 exer-

23 1314 25 1319 ’
142 1321 239 1403 citus,
271 1321 299 1385 si
326 1321 398 1404 quis
420 1320 546 1384 vincere
570 1342 667 1384 ausus
691 1323 787 1404 esset,
820 1319 875 1384 sed
896 1323 1051 1403 perpetua
1073 1319 1206 1383 fortuna
1227 1321 1316 1405 regis

142 1411 259 1473 avertit
284 1408 359 1472 inde
379 1409 516 1474 hostem.
562 1407 615 1473 Sic
638 1407 812 1473 Granicum
835 1411 886 1472 tot
907 1408 1036 1472 milibus
1060 1408 1203 1492 equitum
1226 1409 1314 1492 pedi-

141 1500 273 1581 tumque
300 1498 336 1562 in
366 1497 517 1561 ulteriore
545 1497 705 1562 stantibus
732 1497 804 1580 ripa
831 1497 1017 1580 superarit,
1040 1496 1086 1560 sic
1109 1497 1256 1582 angustis
1280 1498 1316 1561 in

88 1607 122 1656 aa
142 1582 271 1650 Ciliciae
300 1586 435 1651 callibus
462 1589 588 1651 tantam
613 1585 853 1650 multitudinem
875 1585 1029 1650 hostium:
1061 1585 1212 1649 audaciae
1236 1608 1315 1669 quo-

142 1696 213 1759 que,
235 1696 299 1759 qua
321 1675 459 1740 maxime
481 1675 594 1760 viguit,
615 1675 698 1740 ratio
721 1674 824 1739 minui
845 1676 962 1758 potest,
985 1673 1061 1758 quia
1082 1696 1259 1758 numquam
1279 1676 1316 1738 in

141 1763 311 1829 discrimen
337 1764 439 1848 venit,
471 1785 514 1828 an
539 1768 658 1828 temere
681 1763 818 1828 fecisset.
862 1761 1025 1844 Mazaeus,
1058 1762 1125 1846 qui,
1158 1763 1185 1826 si
1207 1765 1314 1827 trans·

141 1853 290 1917 euntibus
312 1853 432 1917 flumen
455 1853 700 1937 supervenisset,
722 1852 809 1917 haud
831 1851 926 1915 dubie
949 1872 1159 1935 oppressurus
1182 1852 1246 1915 fuit
1266 1852 1314 1914 in-

140 1941 339 2025 conpositos,
360 1941 396 2004 in
417 1941 489 2024 ripa
511 1940 640 2005 demum
663 1941 703 2005 ad
724 1941 791 2004 iam
812 1943 1012 2024 perarmatos
1036 1939 1220 2024 adequitare
1243 1962 1313 2004 coc-

88 2050 122 2098 24
140 2030 197 2112 pit.
242 2027 330 2093 Mille
359 2028 531 2094 admodum
561 2030 684 2112 equites
713 2029 931 2112 praemiserat.
977 2026 1119 2103 Quorum
1148 2029 1314 2112 paucitate

140 2114 322 2181 Alexander
353 2118 531 2201 explorata,
567 2117 680 2181 deinde
712 2120 896 2200 contempta
927 2116 1123 2200 praefectum
1149 2115 1313 2181 Paeonum

87 2227 122 2276 25
141 2206 284 2289 equiturn
297 2204 453 2292 Aristona
470 2205 586 2270 laxatis
608 2205 743 2270 habenis
767 2205 874 2270 invehi
896 2205 1000 2270 iussit.
1035 2205 1176 2290 Insignis
1201 2227 1238 2270 eo
1261 2206 1312 2270 die

140 2315 251 2378 pugna
279 2293 423 2378 equitum
450 2298 484 2357 et
509 2294 679 2379 praecipue
701 2293 864 2358 Aristonis
891 2293 967 2358 fuit:
1003 2294 1202 2377 praefectum
1225 2296 1313 2378 equi-

138 2385 227 2446 tatus
249 2380 420 2446 Persarum
443 2380 638 2467 Satropaten
670 2382 791 2447 directa
821 2383 857 2447 in
887 2384 1000 2466 guttur
1029 2384 1124 2447 hasta
1150 2384 1314 2447 transfixit

138 2470 377 2556 fugientemque
404 2493 461 2555 per
488 2470 610 2536 medios
636 2472 746 2537 hostes
776 2475 965 2536 consecutus
993 2493 1031 2535 ex
1053 2493 1134 2556 equo
1157 2472 1311 2555 praecipi-

35 2612 38 2617 .
139 2561 221 2625 tavit
244 2564 277 2624 et
299 2561 480 2625 obluctanti
502 2561 609 2646 gladio
633 2563 731 2645 caput
753 2559 904 2644 dempsit,
926 2560 1011 2644 quod
1033 2560 1170 2623 relatum
1193 2582 1313 2642 magna

139 2671 212 2715 cum
234 2649 328 2714 laude
351 2652 426 2713 ante
448 2651 534 2734 regis
557 2651 654 2733 pedes
676 2649 793 2735 posuit.

177 2865 217 2912 19.
235 2875 298 2912 sna
316 2860 428 2927 spolia
446 2883 480 2902 =
499 2858 549 2912 dae
566 2858 627 2912 ihm
645 2857 698 2913 Ge·
753 2857 853 2911 darauf
859 2856 1000 2923 kommen,
1010 2856 1139 2926 geringer
1149 2858 1311 2912 anzuschla-

138 2929 250 2997 raubte,
268 2929 322 2983 wie
339 2945 380 2997 sp.
399 2935 494 2983 nostra
513 2935 554 2982 14.
575 2936 615 2983 16.
751 2944 814 2997 gen.
833 2961 865 2968 -
885 2930 921 2981 r'n
935 2929 1033 2982 discr.
1047 2929 1138 2981 canit
1152 2953 1186 2973 =
1201 2945 1230 2982 es
1243 2929 1311 2983 kam

175 3005 217 3053 20.
245 3015 346 3068 neque
420 3004 564 3067 poterat.
602 2999 698 3054 Genau
751 3017 798 3052 zur
815 2998 1033 3067 Entscheidung,
1051 3000 1110 3052 trat
1127 2998 1236 3067 berane,
1256 3000 1312 3054 wie

139 3087 169 3124 so
188 3069 235 3124 bei
253 3069 313 3124 liv.
329 3076 371 3124 22.
387 3074 411 3124 5.
426 3077 449 3124 3.
463 3101 494 3109 -
514 3075 624 3138 netas,
642 3069 696 3124 die
750 3071 782 3123 e'n
794 3071 952 3124 discrimine
965 3070 1179 3124 esse=decernt
1192 3070 1310 3125 beiLiv.

137 3140 325 3213 Angstrufe
362 3141 420 3194 der
452 3139 697 3208 Gefahrdetem
749 3140 1311 3211 tenere=chnealleUeberleg1mg,

88 3248 90 3257 ·
137 3213 696 3282 ngobstrepita'rass.1.49.-bc'nc
748 3211 823 3265 bloss
853 3229 919 3266 vom
946 3210 1037 3265 Glticlr
1068 3211 1192 3280 geleitet.
1240 3212 1310 3266 Zum

190 3289 328 3352 praeter
345 3284 442 3349 banc,
467 3281 635 3338 auffallende
653 3283 696 3336 In-
749 3282 863 3337 wahren
898 3282 980 3336 Muth
1015 3283 1169 3350 (audacto)
1208 3284 1310 3352 gehbrt

138 3354 320 3422 concinnittt3
348 3355 405 3423 vgl.
425 3354 552 3436 dagegen
574 3355 638 3408 binc
653 3395 696 3408 ...
749 3352 898 3407 Kenntniss
911 3353 969 3407 und
981 3352 1138 3407 bescnnene
1150 3354 1311 3423 Erwagrmg

136 3425 201 3478 binc
228 3430 252 3479 5.
281 3432 306 3479 4.
330 3431 372 3479 28.
409 3423 562 3479 Viellercht
586 3425 624 3479 ist
651 3425 697 3479 ein
749 3424 798 3478 der
825 3423 936 3479 Gefahr.
974 3422 1009 3477 Sc
1037 3424 1108 3477 wird
1136 3430 1231 3477 14.13
1260 3425 1310 3478 der

138 3494 280 3564 Satzglied
297 3495 350 3549 wie
368 3497 432 3549 binc
450 3497 539 3550 ananie
557 3496 694 3566 ausgefal·
747 3496 837 3548 cirtae
865 3495 909 3549 die
937 3495 1071 3549 temeritas
1102 3495 1309 3564 gegentiberge-

137 3566 191 3620 len.
210 3596 244 3605 —
271 3566 400 3621 clamor.
436 3565 501 3635 Vgl.
520 3574 545 3622 6.
564 3573 588 3621 9.
608 3575 624 3622 6
642 3568 695 3634 fre·
748 3566 834 3619 etellt.
870 3566 962 3620 Ueber
989 3583 1027 3620 an
1047 3591 1080 3610 =
1100 3567 1139 3620 cb
1162 3565 1259 3618 nicht
1286 3584 1308 3618 s.

136 3638 219 3690 nitas
237 3636 443 3705 indignantium
456 3638 630 3707 obstrepebat.
655 3637 696 3691 Zn
748 3635 820 3691 Einl.
840 3641 863 3700 §-
882 3643 915 3690 39
930 3636 957 3690 d.

136 3709 250 3762 invicem
268 3724 288 3760 s.
307 3706 379 3760 Einl.
400 3712 422 3772 ξ.
442 3714 484 3761 22.
785 3713 827 3761 24.
851 3708 914 3762 lan.
928 3708 1082 3773 tabente,
1101 3726 1121 3762 s.
1137 3713 1177 3761 15.
1188 3712 1212 3775 3,
1231 3708 1308 3775 poet.

172 3786 214 3833 21.
233 3783 346 3833 tractn
364 3777 417 3832 wie
435 3784 460 3832 3.
479 3785 504 3833 4.
520 3786 548 3846 83
576 3781 695 3833 cadam
747 3777 793 3831 fiir
810 3779 871 3832 hab.
885 3780 1004 3833 ranissts
1022 3778 1089 3832 oder
1104 3778 1159 3831 den
1171 3778 1244 3832 noch
1258 3778 1308 3830 ub-

137 3851 269 3918 aperirc
292 3875 326 3894 =
346 3848 513 3903 ‘seichter
540 3850 694 3919 werden'‚
746 3847 854 3903 lichern
876 3849 1021 3903 Ausdruck
1049 3850 1187 3916 admisere,
1216 3850 1310 3902 citatis

137 3921 208 3975 auch
227 3928 251 3976 8.
272 3927 313 3974 13.
333 3927 357 3975 8.
748 3921 830 3988 eqne'a
911 3980 913 3984 Α

172 3999 214 4046 22.
232 3993 376 4056 vincere,
396 3991 503 4045 starker
517 3991 559 4045 ale
574 3991 693 4060 opereat.
784 3996 826 4046 25.
837 3989 1049 4059 Satropaten,
1064 4007 1083 4044 8.
1093 3994 1115 4054 ς.
1126 3996 1190 4044 7.-
1205 3991 1307 4058 denn-

136 4094 170 4100 -
189 4064 334 4117 callibus
352 4088 386 4106 =
405 4061 549 4130 Defiles,
578 4079 597 4115 s.
624 4067 649 4114 3.
668 4068 693 4115 4.
746 4063 804 4131 sit,
822 4061 876 4115 mit
893 4061 956 4115 dem
974 4061 1078 4131 Objekt
1096 4067 1180 4130 capnt
1196 4061 1307 4114 verbin-

138 4139 306 4200 13‚1o.10.
747 4132 795 4186 det
817 4132 867 4187 dae
889 4131 1012 4186 Verbum
1035 4133 1120 4187 echon
1144 4131 1175 4196 Q.
1196 4130 1251 4188 Cic.
1271 4130 1307 4184 de

171 4209 213 4257 23.
232 4207 338 4259 minat
357 4204 383 4257 d.
392 4204 420 4258 h.
438 4221 504 4258 man
516 4202 593 4257 kann
605 4200 693 4257 leicht
746 4202 827 4272 petit.
846 4220 919 4258 cons.
939 4209 964 4257 9.
