2790 4792
382 259 635 316 HISTORIARUM
653 261 869 317 ALEXANDRI
886 262 938 335 IV,
958 269 1000 318 15.
1215 263 1279 329 165

108 421 292 486 Alexander
319 423 445 487 laxatos
469 423 597 488 ordines
620 424 745 489 invadit
767 427 799 489 et
821 425 924 490 multa
947 426 1042 490 caede
1065 426 1208 491 hostium
1230 427 1277 491 in·

108 510 244 575 vehitur.
289 509 336 575 At
364 512 418 596 qui
440 513 475 576 in
498 513 589 577 laevo
612 534 711 577 cornu
734 516 826 578 erant
848 513 977 593 Persae,
1010 536 1066 598 spe
1088 537 1183 598 posse
1206 537 1278 580 eum
1297 537 1331 586 21

107 599 242 683 includi,
271 621 387 685 agmen
410 622 504 664 suum
528 623 546 664 a
568 604 660 687 tergo
685 601 865 666 dimicantis
889 606 1070 686 opponunt:
1101 603 1278 688 ingensque

107 689 285 772 periculum
311 689 346 752 in
368 689 473 753 medio
496 689 630 754 haerens
655 689 787 774 adisset,
818 692 852 754 ni
875 691 997 775 equites
1019 691 1156 777 Agriani
1178 694 1279 758 calca·

107 777 197 842 ribus
221 777 357 842 subditis
381 777 589 842 circumfusos
612 779 682 863 regi
704 777 858 844 barbaros
882 779 986 844 adorti
1008 783 1116 844 essent
1136 802 1278 846 aversos·

108 887 169 950 que
198 866 358 930 caedendo
385 867 420 930 in
448 888 481 930 se
506 867 630 932 obverti
653 867 842 952 coegissent.
887 867 1029 933 Turbata
1052 872 1121 933 erat
1142 873 1278 954 utraque

109 955 201 1019 acies.
237 952 420 1019 Alexander
444 959 475 1020 et
499 978 518 1020 a
540 955 646 1020 fronte
670 958 702 1019 et
725 979 744 1020 a
766 960 858 1042 tergo
881 956 1007 1021 hostem
1030 957 1178 1022 habebat.
1216 957 1278 1034 Qui
1297 982 1330 1031 22

109 1064 222 1108 averso
247 1044 275 1107 ei
297 1044 479 1128 instabant,
502 1044 543 1109 ab
565 1043 719 1130 Agrianis
743 1045 903 1129 equitibus
926 1046 1168 1129 premebantur:
1198 1045 1278 1111 Bac-

107 1131 206 1195 triani
233 1132 458 1216 inpedimentis
481 1132 622 1197 hostium
646 1133 778 1216 direptis
800 1135 919 1199 reversi
942 1134 1069 1200 ordines
1093 1157 1168 1199 suos
1191 1156 1279 1199 recu-

107 1241 219 1304 perare
251 1242 318 1285 non
348 1224 513 1304 poterant:
549 1223 643 1305 plura
670 1223 765 1286 simul
793 1223 930 1307 abrupta
957 1246 976 1287 a
1004 1224 1117 1288 ceteris
1141 1225 1279 1308 agmina,

107 1309 300 1394 ubicumque
330 1310 428 1374 alium
456 1311 510 1374 alii
532 1311 600 1375 fors
622 1311 808 1395 miscuerat,
840 1312 1044 1377 dimicabant
1089 1310 1162 1376 Duo
1185 1331 1277 1397 reges
1297 1335 1332 1383 23

106 1398 225 1463 iunctis
252 1420 352 1482 prope
376 1399 557 1483 agminibus
580 1400 737 1483 proelium
762 1401 981 1465 accenderant.
1026 1399 1138 1465 Plures
1161 1400 1278 1465 Persae

108 1487 279 1570 cadebant,
311 1509 370 1570 par
400 1487 500 1552 ferme
527 1489 687 1572 utrimque
714 1510 867 1553 numerus
894 1490 1131 1554 vulnerabatur.
1177 1486 1278 1553 Curru

107 1574 242 1659 Dareus,
264 1574 447 1640 Alexander
469 1597 551 1661 equo
574 1576 761 1641 vehebatur:
784 1581 955 1661 utrumque
974 1578 1088 1642 delecti
1105 1578 1279 1642 tuebantur
1297 1599 1333 1648 24

108 1666 158 1729 sui
181 1665 383 1748 inmemores,
406 1666 523 1750 quippe
546 1665 664 1729 amisso
686 1686 762 1750 rege
785 1687 844 1730 nec
862 1667 1015 1731 volebant
1033 1666 1113 1730 salvi
1132 1688 1202 1730 esse
1219 1687 1279 1730 nec

107 1757 266 1837 poterant.
311 1752 398 1817 Ante
428 1755 537 1818 oculos
570 1754 620 1818 sui
651 1754 784 1838 quisque
815 1754 902 1839 regis
929 1758 1065 1819 mortem
1093 1755 1279 1819 occumbere

108 1842 248 1907 ducebat
274 1842 448 1927 egregium.
492 1841 669 1906 Maximum
691 1845 801 1906 tamen
823 1843 999 1926 periculum
1023 1843 1169 1925 adibant,
1197 1865 1277 1926 quos
1297 1864 1331 1914 25

108 1932 247 1995 maxime
276 1931 463 1995 tuebantur:
496 1931 613 2015 quippe
642 1930 705 1995 sibi
732 1932 865 2016 quisque
894 1932 978 1997 caesi
1000 1931 1085 2016 regis
1109 1931 1278 2014 expetebat

53 2019 97 2085 59
108 2019 214 2084 decus.
260 2017 425 2102 Ceterum,
449 2019 514 2084 sive
537 2021 618 2085 illud
637 2019 812 2084 ludibrium
835 2022 999 2086 oculorum
1024 2021 1089 2085 sive
1112 2041 1187 2085 vera
1210 2041 1277 2103 spe·
1296 2042 1331 2092 26

109 2109 173 2172 cies
204 2107 278 2192 fuit,
310 2109 365 2192 qui
393 2109 477 2173 circa
498 2107 718 2177 Alexandrum
745 2111 851 2192 erant,
881 2110 999 2174 vidisse
1022 2130 1055 2172 se
1078 2108 1279 2173 crediderunt

108 2197 241 2280 paulum
265 2219 360 2280 super
382 2200 479 2280 caput
500 2198 586 2282 regis
609 2197 734 2280 placide
757 2198 921 2263 volantem
940 2198 1090 2283 aquilam,
1111 2219 1178 2261 non
1197 2218 1277 2261 sono

109 2307 280 2368 armorum,
302 2307 368 2350 non
386 2287 508 2370 gemitu
526 2287 732 2351 morientium
748 2287 907 2351 territam:
932 2287 1048 2371 diuque
1062 2286 1279 2370 circaequum

108 2373 285 2439 Alexandri
306 2375 459 2457 pendenti
481 2375 596 2460 magis,
618 2397 715 2459 quam
734 2376 857 2440 volanti
871 2375 986 2440 similis
1001 2374 1156 2458 adparuit.
1185 2372 1277 2439 uerte
1296 2392 1330 2446 27

108 2466 198 2528 vates
221 2462 415 2526 Aristander*
440 2464 514 2528 alba
540 2466 629 2527 veste
656 2463 787 2528 indutus
815 2466 848 2527 et
870 2464 982 2528 dextra
1004 2462 1187 2546 praeferens
1210 2463 1278 2527 lau·

109 2573 198 2615 ream
229 2551 385 2616 militibus
416 2552 452 2616 in
482 2573 627 2636 pugnam
658 2551 791 2616 intentis
824 2574 915 2616 avem
947 2552 1161 2636 monstrabat,
1191 2551 1278 2615 haud

109 2640 242 2704 dubium
269 2641 421 2705 victoriae
449 2640 634 2724 auspicium.
677 2639 796 2724 Ingens
825 2661 901 2727 ergo
932 2641 1079 2705 alacritas
1108 2643 1140 2704 et
1162 2639 1278 2703 fiducia
1296 2662 1330 2711 28

108 2729 205 2814 paulo
244 2733 317 2793 ante
353 2730 483 2794 territos
522 2729 667 2794 accendit
699 2729 739 2792 ad
770 2750 929 2813 pugnam,
964 2729 1076 2813 utique
1106 2731 1278 2812 postquam

110 2818 224 2904 auriga
252 2816 360 2902 Darei,
400 2819 455 2902 qui
486 2821 559 2883 ante
591 2818 698 2902 ipsum
730 2819 844 2884 sedens
877 2840 976 2903 equos
1007 2818 1153 2903 regebat,
1183 2817 1278 2881 hasta
1391 2860 1394 2865 ‹

108 2907 282 2972 transfixus
306 2911 363 2972 est.
398 2905 467 2972 Nec
490 2910 545 2972 aut
561 2906 678 2972 Persae
701 2911 757 2972 aut
770 2906 961 2972 Macedones
985 2907 1178 2990 dubitavere,
1200 2905 1278 2991 quin

109 2997 178 3080 ipse
200 3018 258 3060 rex
280 2998 365 3060 esset
388 2997 519 3061 occisus.
564 2996 653 3081 Ergo
674 2996 804 3082 lugubri
826 2997 951 3061 ululatu
974 2999 1010 3077 etv
1028 2996 1192 3061 incondito
1215 2997 1277 3061 cla·
1296 3015 1330 3065 29

146 3229 188 3277 20.
213 3223 330 3276 dextro
351 3221 499 3277 falechlieh
516 3222 561 3276 fiir
584 3223 667 3289 lacco,
756 3230 798 3279 23.
818 3224 1042 3278 accenderant
1060 3221 1276 3289 vie§.19;28;

109 3293 163 3348 wie
183 3298 283 3358 ΜΠ.
299 3300 331 3346 21
351 3293 667 3359 rocambarbaram
721 3299 746 3348 5.
766 3301 790 3348 2.
810 3300 834 3348 6.

109 3362 256 3418 vielleicht
274 3363 362 3418 denkt
376 3363 404 3419 Ο.
422 3364 462 3417 im
475 3363 552 3418 Eifer
565 3383 617 3418 nur
631 3381 667 3418 an
756 3370 798 3419 24.
819 3365 954 3431 amisso,
972 3361 1172 3432 hypothetisoh
1189 3362 1242 3417 vie
1252 3370 1278 3418 3.

110 3433 205 3489 seinen
218 3433 329 3488 Helden
346 3453 373 3488 u.
391 3436 479 3490 nennt
491 3435 592 3504 rechts,
609 3452 667 3489 was
722 3441 790 3489 10.o
809 3451 925 3490 emensos
937 3453 963 3488 u.
974 3435 1061 3488 untcn
1076 3440 1144 3489 16.8
1158 3435 1277 3488 rescisso.

110 3504 169 3559 sich
191 3505 285 3560 rechts
307 3521 362 3559 von
380 3506 485 3560 diesem
502 3505 613 3560 befand.
633 3537 666 3545 —
756 3510 798 3561 25.
826 3507 925 3560 decos
948 3529 982 3550 =
1006 3504 1059 3560 die
1078 3504 1277 3574 Ehrenthat,

110 3578 151 3632 ad
183 3577 401 3644 opprimenda
427 3577 666 3644 inpedimenta.
720 3575 775 3630 wie
794 3577 857 3631 belli
875 3577 972 3631 decora
990 3575 1036 3631 bei
1054 3574 1114 3631 Liv.

110 3646 136 3702 S.
156 3653 179 3714 ς.
200 3653 317 3714 12—14;
339 3653 371 3702 18
389 3664 416 3702 u.
435 3648 522 3701 unten
540 3653 583 3700 22.
757 3653 800 3702 26.
822 3648 891 3701 stoc
913 3648 1014 3714 illod3
1042 3648 1114 3701 allud
1130 3646 1168 3700 ist
1186 3645 1278 3715 einge-

147 3725 189 3772 21.
208 3734 271 3786 spe.
308 3719 399 3773 Ueber
418 3718 472 3772 den
489 3717 668 3788 abhtngigen
721 3718 843 3773 schoben
859 3719 973 3773 worden
986 3718 1059 3773 nach
1072 3717 1137 3772 dem
1150 3717 1277 3771 constan·

110 3789 159 3844 inf.
189 3807 210 3843 s.
234 3787 308 3842 Einl.
332 3795 355 3854 5.
375 3795 408 3844 30
422 3787 441 3842 f.
484 3787 520 3843 So
546 3788 605 3844 Liv.
625 3795 667 3842 34.
721 3791 770 3844 ten
788 3788 1036 3860 Spraohgebrauch
1054 3788 1102 3843 des
1121 3787 1150 3842 O.
1168 3786 1198 3840 in
1216 3786 1277 3840 der-

111 3866 153 3915 24.
174 3867 189 3914 7
208 3876 267 3928 spe,
286 3861 429 3928 impetrari
442 3875 529 3929 posse.
545 3890 579 3899 -
597 3860 668 3914 aab·
722 3860 832 3930 artigen
845 3859 954 3929 Satzen,
968 3859 1024 3930 vgl.
1040 3866 1064 3913 3.
1075 3866 1099 3914 3.
1110 3865 1139 3926 23
1159 3864 1183 3912 4.
1195 3863 1275 3924 7.13;

111 3932 197 3986 altis
214 3930 395 3986 wie3.13.8
414 3931 669 3996 calcariosabderc,
723 3938 747 3986 9.
767 3938 808 3987 10.
829 3937 870 3986 24.
890 3961 923 3970 -
948 3930 1121 3999 pendenti,
1142 3928 1276 3982 ‘schwe-

111 4000 670 4084 dasauchscnstbeiCurt.vorkommt.-
722 4002 837 4069 bend'3
866 4001 911 4056 die
929 4000 1026 4055 Wortc
1048 4000 1175 4054 erinnem
1193 4015 1229 4052 an
1252 4005 1276 4054 3.

110 4089 309 4199 iiim-sigi
321 4072 666 4198 qqqqqqdpqndlprpuquqe
720 4080 744 4128 3·
755 4079 907 4210 21ῗόονιες
922 4141 1002 4198 Sinn:
1013 4159 1055 4196 we
1077 4141 1084 4153 ⁶
1106 4139 1276 4210 stensaeigte

146 4222 188 4270 22.
207 4215 266 4284 qai
283 4216 336 4270 etc.
365 4213 440 4269 Cart.
459 4215 592 4269 achildert
609 4233 667 4269 nun
720 4215 767 4270 Ar.
791 4216 846 4270 den
869 4213 1002 4270 Soldaten
1025 4213 1079 4267 den
1124 4211 1200 4282 egel,
1228 4211 1277 4266 der

111 4284 155 4342 die
179 4285 360 4355 Vervirrung
392 4286 441 4340 der
467 4285 667 4355 persischen
720 4287 769 4341 das
787 4286 917 4341 Erzahlte
941 4285 1048 4355 gethan
1069 4284 1162 4338 haben
1184 4283 1275 4338 sollte.

111 4356 380 4426 Sohlaehtordnung.
400 4357 504 4425 ploro
517 4357 616 4411 simol
629 4355 667 4411 ist
720 4389 754 4398 —
773 4359 933 4423 lauream,
960 4354 1013 4410 vie
1030 4356 1159 4410 cabanas
1179 4354 1210 4408 in
1227 4354 1277 4408 der

110 4446 143 4482 zu
156 4428 320 4484 verbindcn:
340 4427 519 4498 gleichzeitig
533 4428 665 4503 mehrere.
720 4429 795 4484 ahnl.
815 4429 901 4485 Stella
922 4433 963 4483 13.
984 4431 1025 4481 15.
1328 4412 1352 4504 ι’
