2790 4792
351 208 605 266 HISTORIARUM
622 211 838 269 ALEXANDRI
856 213 917 284 VII,
936 222 961 271 2.
1193 217 1236 282 59

66 377 210 438 maestus
243 396 308 438 non
338 394 430 437 suam
455 373 571 457 vicem,
608 375 663 439 sed
691 380 826 458 propter
852 377 959 460 ipsum
985 380 1237 463 periclitantium

64 463 212 527 fratrum.
250 460 459 546 Moveratque
477 461 544 526 iam
560 483 672 546 regem
691 485 825 549 quoque,
843 487 909 530 non
928 468 1112 532 contionem
1130 469 1237 555 modo,
1256 500 1272 547 6

65 551 122 615 sed
150 573 233 615 unus
263 553 333 615 erat
363 550 569 634 inplacabilis
599 551 712 636 trater,
739 554 796 636 qui
822 555 962 619 terribili
989 557 1080 621 vultu
1107 557 1237 623 intuens

65 636 153 724 eum',
177 638 291 723 ‘Tum',
319 639 379 722 ait,
408 638 564 723 ‘domena
587 640 757 705 lacrimare
780 641 950 728 debueras,
973 666 1046 709 cum
1070 667 1151 729 equo
1175 648 1237 711 cal·

65 729 154 793 caria
178 728 341 806 subderes,
362 728 503 792 fratrum
526 728 671 794 desertor
689 733 722 795 et
741 728 941 796 desertorum
965 754 1082 798 comes.
1126 731 1236 818 Miser,

64 839 129 901 quo
158 820 192 882 et
220 816 303 881 unde
330 816 493 902 fugiebas!
537 816 697 902 Effecisti,
728 821 766 883 ut
795 840 868 883 reus
896 822 1012 905 capitis
1039 824 1237 888 accusatoris

62 910 172 970 uterer
185 904 314 971 verbis'.
340 904 401 970 Ille
414 926 565 989 peccasse
580 928 623 990 se,
642 906 698 971 sed
711 906 941 992 laudgravius
955 910 990 974 in
1007 909 1124 976 fratres
1139 934 1236 997 quam
1255 924 1270 973 a

63 996 99 1059 in
123 995 333 1078 semetipsum
355 993 528 1059 fatebatur.
575 993 659 1059 Tum
677 1016 753 1060 vero
771 1018 876 1081 neque
894 997 1039 1063 lacrimis
1056 1021 1160 1083 neque
1182 1001 1236 1065 ad·

63 1084 325 1168 clamationibus,
344 1083 461 1167 quibus
480 1083 589 1148 studia
607 1105 666 1148 sua
684 1083 860 1151 multitudo
878 1087 1059 1173 profitetur,
1076 1092 1236 1172 tempera·

62 1176 190 1236 verunt.
235 1171 310 1237 Una
333 1193 395 1236 vox
419 1174 489 1235 erat
510 1173 583 1255 pari
605 1172 725 1237 emissa
748 1195 916 1258 consensu,
938 1179 976 1240 ut
997 1176 1183 1242 insontibus
1204 1181 1237 1242 et

61 1261 204 1325 fortibus
232 1261 312 1325 viris
339 1263 495 1344 parceret.
540 1259 650 1326 Amici
672 1282 798 1347 quoque
822 1261 899 1327 data
921 1265 1161 1330 misericordiae
1184 1288 1235 1333 oc-

62 1350 193 1414 casione
217 1352 415 1434 consurgunt
436 1348 613 1434 flentesque
635 1369 747 1433 regem
765 1350 985 1435 deprecantur.
1024 1353 1086 1418 Hle
1105 1354 1235 1420 silentio
1254 1373 1271 1423 8

60 1439 166 1516 facto,
198 1436 254 1501 ‘Et
280 1436 372 1522 ipse',
403 1437 523 1522 inquit,
551 1437 732 1523 ‘Amyntan
762 1461 836 1505 mea
867 1441 1028 1507 sententia
1054 1441 1236 1527 fratresque

62 1528 132 1591 eius
152 1526 297 1591 absolvo.
337 1524 406 1591 Vos
426 1529 544 1610 autem,
562 1527 703 1610 iuvenes,
722 1528 808 1592 malo
828 1528 976 1595 beneficii
995 1531 1060 1595 mei
1079 1531 1236 1615 oblivisci,

62 1638 161 1700 quam
184 1615 321 1699 periculi
339 1616 441 1680 vestri
460 1615 655 1680 meminisse.
695 1615 821 1681 Eadem
839 1617 900 1682 fide
919 1618 1023 1682 redite
1042 1619 1077 1684 in
1095 1621 1235 1704 gratiam

60 1726 199 1788 mecum,
222 1726 285 1788 qua
307 1704 378 1787 ipse
396 1703 565 1769 vobiscum
582 1707 737 1768 revertor.
782 1703 866 1788 Nisi,
890 1727 971 1791 quae
989 1708 1098 1772 delata
1116 1714 1236 1793 essent,
1254 1731 1270 1779 s

61 1793 291 1875 excussissem,
318 1791 385 1857 alte
414 1792 629 1857 dissimulatio
657 1813 731 1856 mea
759 1815 937 1877 suppurare
959 1796 1129 1878 potuisset.
1173 1796 1235 1863 Sed

62 1883 168 1947 satius
192 1884 241 1946 est
262 1885 420 1965 purgatos
444 1902 529 1963 esse,
555 1903 653 1965 quam
677 1885 853 1965 suspectos.
898 1879 1050 1967 Cogitate
1072 1885 1236 1950 neminem

63 1970 190 2036 absolvi
214 1991 322 2053 posse,
344 1970 409 2034 nisi
432 1969 489 2053 qui
512 1969 630 2034 dixerit
652 1991 792 2035 causam.
837 1968 900 2054 Tu,
925 1969 1080 2056 Amynta,
1102 1973 1236 2059 ignosce
1255 1994 1289 2044 10

63 2059 157 2124 fratri
181 2063 247 2123 tuo.
291 2057 365 2123 Erit
387 2058 449 2123 hoc
472 2058 664 2142 simpliciter
686 2058 785 2123 etiam
807 2058 889 2123 mihi
911 2061 1112 2126 reconciliati
1135 2062 1235 2127 animi

62 2149 112 2214 tui
160 2146 278 2212 iuus'.

32 2245 50 2307 7
135 2168 312 2301 potatione
331 2235 445 2301 deinde
462 2235 597 2300 dimissa
609 2234 846 2321 Polydamanta
863 2237 972 2303 vocari
988 2237 1087 2302 iubet.
1122 2237 1233 2324 Longe
1254 2260 1287 2310 11

62 2325 309 2409 acceptissimus
337 2324 544 2390 Parmenioni
571 2328 655 2410 erat,
682 2325 850 2408 proximus
877 2326 973 2391 lateri
1000 2326 1035 2390 in
1058 2327 1126 2394 acie
1149 2331 1235 2393 stare
1292 2343 1295 2347 ’

63 2415 193 2478 solitus:
226 2418 259 2478 et
290 2435 487 2498 quamquam
519 2413 716 2479 conscientia
747 2414 849 2480 fretus
877 2415 913 2479 in
940 2415 1065 2500 regiam
1092 2421 1235 2502 venerat,
1254 2439 1287 2490 12

61 2507 185 2584 tamen,
213 2506 250 2568 ut
275 2503 383 2566 iussus
411 2506 461 2566 est
487 2501 605 2567 fratres
635 2524 710 2567 suos
733 2502 883 2568 exhibere
906 2503 1079 2568 admodum
1101 2505 1233 2571 iuvenes

61 2596 96 2656 et
127 2591 195 2675 regi
223 2592 355 2676 ignotos
386 2590 428 2655 ob
460 2595 615 2674 aetatem,
645 2590 763 2655 fiducia
794 2592 830 2654 in
862 2591 1113 2658 sollicitudinem
1140 2615 1235 2659 versa

59 2822 231 2875 diverberarc
257 2824 283 2873 4.
301 2825 362 2873 4.3
389 2819 447 2873 und
468 2819 620 2874 acroam
672 2817 712 2887 fig
725 2817 780 2872 den
793 2817 894 2873 Modus
907 2817 956 2874 das
974 2819 1168 2874 ausserlich
1185 2821 1233 2876 ab·

59 2898 86 2946 4.
101 2898 125 2946 3.
142 2897 175 2945 18
190 2909 216 2945 u.
231 2896 255 2945 δ.
269 2891 343 2960 poet
362 2909 389 2944 u.
403 2889 618 2946 nachclassisah.
672 2887 1012 2959 mugigenuebenaaes
1022 2890 1086 2945 dem
1095 2890 1234 2947 conditio-

59 2993 95 3003 -
108 2964 211 3018 vicem
225 2978 247 3016 c.
262 2963 354 3030 genet.
369 2961 436 3016 oder
448 2977 526 3030 pron
534 2977 620 3031 poss,
672 2959 745 3015 nelis
764 2959 813 3016 des
831 2960 1025 3031 Hauptsataes.
1045 2991 1079 3002 —
1097 2963 1166 3018 alta
1181 3004 1187 3017 .
1203 3005 1232 3019 ..

60 3032 228 3103 eigentlich:
250 3033 291 3087 ‘in
309 3031 355 3087 die
369 3031 457 3087 Stella
472 3031 619 3101 jemandes
672 3031 949 3101 supparare=in
962 3031 1022 3088 der
1035 3031 1133 3088 Tiefa
1146 3034 1233 3089 fort·

59 3102 252 3174 (sintretend)’
271 3102 342 3158 wird
360 3103 432 3159 auch
450 3103 620 3173 tibertragsn
673 3101 797 3171 eitern;
814 3103 872 3173 agl.
885 3108 1056 3173 sappmatas
1069 3105 1147 3159 dolor
1161 3105 1235 3160 oben

59 3173 619 3244 gebraucht=injemandesSeele
674 3173 1235 3243 1.aundazasapprimcrc,coquerc
1278 3181 1283 3199 '

59 3228 192 3313 hinein,
218 3263 271 3299 um
291 3245 469 3314 Jemandes
489 3244 621 3314 willan,
674 3245 754 3300 iram.
793 3243 1002 3311 Dissimulatic,
1024 3243 1079 3298 mit
1095 3244 1155 3299 alta
1171 3260 1233 3299 ver-

58 3317 234 3372 namentlich
248 3314 427 3372 beiPhrasen
441 3315 490 3370 des
502 3313 620 3370 Affek'cs.
673 3313 786 3370 bunden
810 3321 851 3370 10.
870 3320 895 3369 9.
914 3321 944 3383 8,
962 3314 1001 3368 ist
1018 3313 1080 3370 hier
1097 3314 1147 3368 das
1165 3314 1234 3369 Vor-

60 3388 98 3442 So
118 3390 182 3457 sagt
193 3388 303 3443 Livius:
321 3392 443 3442 aasaam
461 3387 546 3441 uicem
563 3387 620 3440 ira·
674 3385 779 3454 bergen
798 3384 848 3440 der
863 3384 1073 3455 Gesinnung,
1092 3385 1177 3440 somit
1194 3385 1234 3440 im

59 3475 130 3525 scor,
144 3459 317 3527 imperatoria
328 3458 413 3512 aicaa
425 3457 565 3513 callidius.
589 3456 622 3511 In
674 3455 918 3526 Zusammenlmng
935 3473 956 3512 s.
975 3474 1001 3512 v.
1020 3471 1046 3512 a
1065 3455 1170 3512 (troil.

61 3528 202 3599 gleicham
213 3530 297 3584 Sinne
310 3529 405 3586 warde
419 3527 492 3583 auch
506 3527 620 3582 derAb-
711 3532 753 3581 1⁰.
772 3527 991 3596 simpliciter,
1013 3526 1163 3598 ehrlich,
1182 3527 1235 3585 mit

59 3601 132 3656 lativ
150 3602 207 3656 vica
224 3600 381 3671 gebraucht
399 3616 420 3655 s.
440 3606 483 3654 11.
501 3604 544 3653 20.
674 3599 845 3653 reconciliati
862 3616 897 3652 au
913 3597 1074 3654 verbinden.

96 3697 120 3745 5,
141 3690 365 3758 quonum,
387 3687 613 3744 4124de
711 3675 753 3724 11.
783 3669 1033 3753 Polydamanta
1061 3688 1081 3724 a.
1101 3675 1188 3726 4.15.
1209 3679 1234 3727 6.

59 3763 91 3816 in
110 3761 216 3816 deserta
233 3778 252 3817 a
268 3761 405 3828 pambus
422 3759 486 3814 purg,
612 3727 621 3755 '
674 3738 713 3793 Er
730 3756 788 3794 war
806 3756 883 3796 crner
901 3740 951 3796 der
965 3735 1072 3810 ἑταῖροι
1086 3743 1234 3814 βασιλικοί.

711 3815 753 3868 ia.
780 3811 826 3866 ut
846 3828 1049 3883 quamquam.
1086 3811 1234 3867 Etnach·

97 3856 121 3904 7.
146 3850 229 3917 pari
251 3865 275 3906 o.
299 3864 460 3904 coascasa
482 3846 620 3919 tautolog.
673 3881 740 3937 lm·
779 3882 875 3938 mm
895 3882 961 3939 fond
992 3901 1006 3938 s
1033 3882 1097 3936 ΕΜ
1124 3887 1140 3947 3
1157 3888 1191 3937 46

58 3921 105 3975 fur
122 3936 226 3976 mmm
244 3936 267 3975 ⁰·
286 3936 425 4024 mm
576 4007 583 4020 ,
673 3898 821 4010 Βθτιθᾶθιιι
849 3902 1050 4010 Βὲὴήῆεἷώὶοτ
1078 3900 1234 4009 vorachwd·

97 4016 121 4064 8.
141 4026 210 4064 mea
226 4015 409 4079 centaurea,
427 4008 517 4064 durch
529 4023 621 4064 meins
674 4023 1165 4092 bendefledmkfflugmmffimg
1175 4041 1235 4079 W

59 4080 471 4164 risshierficllfl,Enl⁸⁰h0id¹¹nss·
486 4111 520 4120 ·
533 4079 621 4160 mim
674 4095 749 4150 wohl
761 4095 920 4166 folgenden
933 4094 994 4150 Pol.
1004 4111 1062 4149 war
1071 4095 1113 4150 als
1122 4093 1235 4152 intimet

60 4194 103 4234 ·.·'
118 4168 313 4209 mmmm·
340 4148 621 4208 D⁰¹⁸01b000d⁰⁴¹¹k0
673 4164 992 4222 PreunddesParmenio
1002 4181 1059 4220 von
1068 4165 1235 4221 vernherein

58 4241 90 4276 m
108 4222 225 4277 andere
242 4222 392 4293 Wenduns
409 4229 434 4278 ⁶·
453 4228 479 4277 8·
497 4225 522 4276 ὁ·
674 4237 840 4308 versancg
861 4236 932 4292 uno
952 4236 1041 4292 ano
1064 4236 1155 4306 arga
1173 4236 1235 4293 sia

97 4317 122 4366 9.
155 4312 281 4368 delata
312 4316 431 4366 rescat
460 4309 506 4364 fiir
532 4311 619 4365 aaut.
673 4305 1234 4379 auchinseiuamAuftreteneineAengst·

58 4383 143 4438 Aueh
157 4381 203 4437 die
216 4382 357 4438 Classiker
369 4381 538 4437 assimiliter
551 4380 621 4435 htu-
673 4377 805 4451 lichkeit,
822 4379 869 4435 die
885 4378 1137 4451 ienenlerdaebt
1142 4379 1248 4433 ‘oestk-
