2790 4792
394 236 648 293 HISTORIARUM
666 236 881 293 ALEXANDRI
900 238 934 307 Χ,
952 245 977 294 3.
1205 238 1270 304 223

94 402 173 466 litia
219 400 290 466 Hoc
314 421 374 486 ego
397 422 484 465 nunc
506 401 648 485 primum
670 399 834 484 profiteor,
857 401 912 465 sed
936 400 1015 466 olim
1038 401 1114 466 scio.
1157 402 1328 487 Itaque1o

95 494 128 556 et
156 489 311 554 dilectum
334 511 351 552 e
374 490 469 554 vobis
496 490 660 554 iuniorum
688 488 789 553 habui
816 493 849 553 et
876 510 935 554 vos
962 511 1108 554 meorum
1131 491 1272 556 militum

95 579 224 662 corpori
248 577 419 642 immiscui.
455 576 544 642 Idem
563 577 710 657 habitus,
733 577 844 641 eadem
864 599 956 642 arma
976 581 1052 643 sunt
1069 578 1170 643 vobis.
1208 580 1272 646 Ob·

94 668 242 753 sequium
264 688 341 732 vero
361 668 394 730 et
411 665 570 750 patientia
588 665 717 749 imperii
742 666 840 750 longe
862 667 1082 749 praestantior
1101 672 1151 732 est
1174 690 1272 752 quam

95 756 221 821 ceteris.
260 755 351 840 Ergo
374 754 444 837 ipse
469 753 621 838 Oxyartis
645 754 762 818 Persae
785 754 889 818 filiam
912 776 1037 819 mecum
1061 756 1268 822 matrimonio
1289 768 1322 816 11

94 843 197 923 iunxi,
221 865 287 909 non
310 843 502 926 dedignatus
527 863 565 907 ex
589 843 718 925 captiva
740 842 860 907 liberos
883 843 1011 908 tollere.
1055 843 1133 908 Mox
1156 845 1270 910 deinde
1291 857 1322 904 12

95 954 168 997 cum
198 933 332 1016 stirpem
366 932 493 1016 generis
521 931 586 995 mei
615 931 715 995 latius
742 951 923 1016 propagare
951 953 1113 1016 euperem,
1140 956 1273 998 uxorem

94 1020 194 1085 Darei
220 1021 324 1084 filiam
352 1020 429 1089 duxi
455 1019 676 1104 proximisque
700 1019 878 1084 amicorum
903 1023 1015 1085 auctor
1037 1020 1085 1084 fui
1109 1043 1148 1085 ex
1171 1024 1270 1106 capti·

94 1111 145 1174 vis
172 1108 348 1194 generandi
376 1107 511 1191 liberoS,
545 1113 582 1172 ut
608 1108 672 1173 hoc
700 1129 791 1172 sacro
818 1107 948 1173 foedere
977 1130 1072 1173 omne
1100 1109 1273 1175 discrimen

95 1198 175 1263 victi
202 1201 235 1261 et
262 1196 395 1261 victoris
424 1197 636 1262 excluderem.
681 1195 820 1260 Proinde
849 1197 976 1282 genitos
1005 1219 1076 1262 esse
1101 1220 1159 1264 vos
1182 1199 1272 1281 mihi,
1292 1209 1326 1257 13

96 1307 164 1350 non
190 1286 331 1350 adscitos
360 1285 482 1349 milites
511 1286 639 1350 credite.
685 1284 783 1349 Asiae
812 1288 845 1349 et
871 1284 1023 1369 Europae
1051 1307 1150 1351 unum
1175 1291 1272 1372 atque

96 1374 182 1439 idem
202 1394 337 1458 regnum
357 1378 415 1438 est.
451 1373 666 1439 Macedonum
684 1374 778 1439 robis
798 1395 889 1438 arma
907 1374 962 1457 do,
985 1376 1165 1440 inveterari
1183 1397 1272 1460 pere-

95 1464 223 1547 grinam
259 1462 450 1528 novitatem.
500 1463 545 1527 nt
578 1463 662 1527 cives
699 1463 764 1526 mei
797 1462 877 1526 estis
910 1467 944 1527 et
974 1464 1104 1528 milites.
1155 1463 1273 1530 Omnia
1293 1477 1326 1525 14

95 1552 232 1616 eundem
264 1552 385 1616 ducunt
412 1551 568 1615 colorem:
599 1573 660 1615 nec
688 1550 795 1614 Persis
823 1550 1038 1616 Macedonum
1065 1574 1190 1618 morem
1218 1553 1273 1618 ad·

94 1640 246 1705 umbrare
269 1661 329 1704 nec
346 1639 579 1704 Macedonibus
598 1639 715 1703 Persas
739 1639 864 1703 imitari
886 1639 1082 1705 indecorum.
1118 1641 1273 1707 Eiusdem

95 1729 176 1793 iuris
201 1750 270 1793 esee
293 1727 426 1811 debent,
449 1729 504 1811 qui
527 1728 587 1792 sub
612 1727 724 1792 eodem
747 1747 823 1812 rege
846 1728 963 1792 victuri
986 1727 1083 1793 sunt?

184 1817 258 1882 Hac
284 1817 422 1881 oratione
448 1817 555 1882 tabita
577 1816 684 1881 Persis
710 1816 845 1897 emporis
870 1816 922 1881 sai
943 1818 1114 1882 custodiam
1136 1818 1273 1901 aedidit,

94 1905 209 1970 Persas
231 1905 388 1988 satellites,
416 1904 531 1971 Persas
552 1904 747 1988 apparitores
767 1904 846 1984 fecit.
892 1903 955 1968 Per
976 1925 1052 1987 qaas
1074 1925 1144 1970 eam
1166 1906 1272 1971 Maee-

94 1993 199 2073 doaes,
232 1995 286 2077 pai
317 1993 388 2058 taio
418 1995 562 2060 seditioni
593 1994 780 2060 messionem
810 1994 974 2078 dedissent,
1005 1995 1100 2058 macti
1128 1995 1172 2059 ad
1201 2015 1272 2077 sap

91 2084 191 2164 plicia
219 2081 424 2165 tratereatar,
451 2103 551 2147 aaran
573 2103 610 2147 ea
632 2083 687 2167 iis,
713 2082 895 2147 adetoritate
917 2088 946 2146 et
967 2087 1066 2148 aetate
1088 2102 1214 2166 proaem
1232 2085 1275 2148 ad

95 2192 196 2256 repem
218 2173 266 2236 ita
289 2173 423 2237 decadam
442 2172 565 2252 feram:
1278 2233 1292 2268 o

134 2368 174 2420 10.
202 2364 400 2419 impioram.
442 2362 523 2418 Nach
550 2363 658 2418 Diodor
748 2368 789 2418 13.
817 2364 980 2433 percitos,
1007 2378 1078 2418 aon
1100 2365 1272 2421 adscitos.

96 2449 190 2488 waren
220 2434 266 2489 die
298 2439 395 2502 30‚000
426 2433 595 2504 neuerdings
627 2433 656 2489 in
710 2432 835 2488 Deutsch
863 2435 950 2489 elwa:
982 2436 1274 2504 angeetammt‚

96 2503 152 2557 den
165 2504 390 2570 Armeeverband
403 2505 658 2576 aufgenommenen
709 2503 816 2560 nicht
843 2505 1098 2575 angeworben.
1140 2505 1197 2560 Dae
1220 2505 1272 2561 fol-

96 2574 213 2630 Asiaten
226 2574 335 2645 Πέρσαι
353 2575 415 2630 νέοι
433 2575 576 2637 παντελῶς
593 2581 657 2638 ταῖς
731 2575 801 2630 ende
827 2577 927 2630 credite
945 2601 979 2620 =
998 2576 1074 2630 vobis
1096 2577 1273 2644 persuade&

96 2641 223 2714 ἡλικίαις.
240 2679 273 2688 -
283 2647 462 2717 patientia
475 2646 613 2715 imperii
622 2671 657 2692 =
711 2593 793 2700 dian:
804 2645 843 2702 sie
854 2645 1091 2702 sollsndieSache
1100 2663 1130 2701 so
1141 2647 1272 2713 amelien,

97 2715 343 2788 ‘Botmtssigkeia
363 2716 602 2774 Subordmation’.
622 2748 656 2756 -
711 2716 753 2771 als
772 2717 808 2772 ob
828 2717 867 2770 sie
887 2734 913 2772 u.
933 2734 954 2773 s.
973 2733 1007 2772 w,
1027 2748 1061 2755 -
1082 2719 1273 2772 inveterari

95 2787 348 2857 ioapeffirmatto
365 2789 456 2844 aiat.
471 2795 497 2843 4.
512 2794 537 2842 4.
565 2787 658 2843 Eben-
709 2805 738 2856 p.
767 2789 976 2843 acritatem.
1023 2787 1094 2842 Eine
1121 2788 1273 2858 Wendung

95 2875 126 2912 so
153 2859 204 2913 hat
232 2861 305 2914 auch
327 2859 423 2915 Livius
450 2858 512 2914 hier
539 2859 597 2914 und
621 2859 659 2914 da
712 2857 1122 2914 vonTaciteischerthnheit.
1143 2858 1273 2915 Sinnder

95 2930 174 2999 inape
191 2930 268 2985 baim
288 2929 477 3001 Comparativ.
713 2929 812 2984 Stella:
832 2931 916 2985 armis
935 2931 1009 2985 datis
1027 2931 1115 2998 effeci,
1134 2936 1166 2984 at
1183 2935 1273 2987 reama

132 3006 174 3056 11.
191 3000 354 3071 Oxyartis
366 3002 399 3055 P.
410 3002 537 3070 sitiam,
552 3019 573 3056 s.
585 3003 658 3057 oben
707 3002 915 3070 perepriaoram
937 3001 1046 3055 accitas
1069 3002 1125 3055 iam
1146 3002 1272 3057 invete-

95 3076 121 3127 8.
134 3077 158 3128 4.
169 3077 211 3126 29.
227 3102 261 3113 -
276 3073 494 3142 dedipaatas,
507 3072 658 3128 construirt
710 3077 789 3127 rata
816 3073 867 3139 sit,
893 3073 912 3127 ι’,
939 3087 960 3126 e.
984 3077 1017 3126 at
1038 3073 1104 3126 mori
1126 3073 1225 3128 milites
1248 3079 1273 3128 et

94 3141 148 3197 wie
159 3147 183 3196 6.
194 3148 238 3200 33.
263 3143 328 3214 Vgl.
344 3144 416 3198 auch
432 3143 478 3199 die
492 3145 573 3200 Anm.
588 3143 658 3200 tiber
706 3144 850 3213 perepriai
857 3143 993 3198 caeraris
1004 3158 1119 3211 prorsas
1128 3146 1273 3213 eaaeqaati

95 3213 211 3283 dipaari
229 3220 253 3268 6.
274 3220 298 3269 5.
319 3219 361 3270 29.
708 3215 777 3269 sitis.
814 3213 871 3268 Das
890 3214 963 3268 med.
982 3215 1133 3268 tarataram·
1156 3214 1207 3268 hat
1224 3213 1272 3269 be-

134 3289 176 3340 12.
196 3286 278 3340 Mea
296 3285 426 3340 deinde.
460 3285 487 3339 S.
501 3285 654 3351 niniam
709 3283 777 3339 reiis
796 3284 902 3340 Cicero.

95 3355 177 3410 anter
204 3356 332 3410 driade.
357 3385 390 3396 -
414 3356 567 3424 stirpem,
593 3355 656 3410 hier
746 3361 788 3410 14.
808 3355 945 3411 dacaat.
981 3355 1035 3409 Die
1053 3355 1158 3409 Phrase
1177 3355 1283 3410 dacere-

95 3425 526 3552 samarias
547 3426 656 3552 aa·
710 3425 1285 3567 sacrararrsmrurssm

96 3565 302 3623 Geschlechts'.
333 3599 366 3608 —
394 3539 502 3623 Darei
526 3513 656 3634 ⁶iiliam.
711 3583 766 3623 von
783 3515 866 3623 gcolor
892 3567 938 3622 ftir
964 3568 1089 3635 habitas,
1120 3568 1205 3634 facies
1233 3569 1274 3622 rei

96 3636 124 3693 S.
144 3637 189 3693 die
208 3637 289 3694 Anm.
309 3655 342 3692 au
363 3645 386 3694 1.
405 3645 448 3694 42.
478 3669 511 3678 -
536 3640 657 3708 promi·
712 3639 785 3694 auch
810 3638 865 3693 den
889 3637 1049 3695 Classikern
1071 3638 1152 3694 nicht
1173 3638 1273 3693 fremd.

94 3710 156 3763 mis
184 3711 373 3766 amicorum.
423 3710 481 3764 Das
514 3707 658 3764 Genauere
712 3740 745 3748 -
770 3710 979 3765 adumbrare.
1020 3709 1073 3765 Die
1099 3710 1273 3765 adumbratio

94 3779 228 3834 hierdber
241 3781 293 3835 hat
305 3780 407 3834 Arrian
422 3782 458 3850 (7.
473 3782 511 3851 4).
525 3812 560 3820 -
574 3781 659 3835 uicti
714 3779 854 3849 (Skizze)
876 3780 915 3836 ist
934 3780 1117 3836 verschieden
1134 3796 1191 3835 von
1209 3779 1273 3834 dem

96 3855 125 3905 et
138 3852 293 3918 victoris,
306 3851 433 3906 abstrait
446 3870 480 3906 au
493 3851 595 3919 sussen,
610 3851 658 3905 da·
713 3848 915 3919 ansgefflhrten
935 3851 1046 3918 Bilde‚
1069 3849 1273 3906 beziehentlich

94 3922 147 3977 her
157 3921 203 3976 die
213 3921 361 3992 Singulare
375 3922 454 3977 nicht
463 3921 658 3978 befremdlich.
712 3919 874 3988 Attilae,
911 3921 1000 3976 daher
1034 3921 1073 3976 ist
1109 3923 1274 3977 adumbrare

96 3992 133 4047 So
154 3993 274 4048 braucht
288 3993 316 4048 O.
332 3993 477 4048 mehrfach
496 3994 549 4049 wie
570 3993 657 4049 echon
713 3973 875 4046 schwddher
897 3992 939 4046 als
957 3993 1072 4047 imitari.
1093 4024 1126 4032 -
1145 3993 1274 4048 victori

95 4064 156 4119 Liv.
171 4064 268 4131 victor,
283 4065 367 4119 tostis
380 4083 407 4147 u.
423 4064 484 4189 dp..
491 4090 525 4110 =
534 4064 660 4130 victores,
712 4066 798 4118 sant.
831 4062 888 4116 Der
902 4061 1017 4145 Schluss
1035 4062 1084 4116 des
1099 4062 1222 4132 Capitels
1235 4063 1273 4116 ist

95 4134 189 4189 hortea
217 4134 568 4206 DerPluralrngerchem
577 4134 657 4189 Falla
713 4133 828 4203 ergtnat
858 4149 914 4187 von
946 4148 1036 4187 ernam
1071 4132 1121 4186 der
1152 4133 1274 4188 altesten

97 4207 173 4260 steht
190 4208 278 4261 unten
297 4211 321 4262 5.
342 4212 366 4262 9.
713 4203 910 4274 Herausgeber
928 4202 977 4259 des
997 4201 1219 4258 Schriftstellers.

1252 4347 1254 4352 ’
1284 4332 1332 4464 Δ
