2790 4792
331 213 587 270 HISTORIARUM
605 213 819 270 ALEXANDRI
839 215 911 283 VIII,
930 219 955 272 8.
1171 217 1233 281 137

62 379 97 443 in
124 376 254 462 Asiam,
280 397 346 440 non
372 381 410 442 ut
436 377 581 443 funditus
609 381 786 443 everterem
814 380 928 462 gentes
956 399 1016 443 neo
1039 381 1075 442 ut
1101 379 1234 446 dimidia

61 470 155 551 parte
182 471 343 530 terrarum
371 467 578 531 solitudinem
604 466 756 545 facerem,
785 467 841 531 sed
864 471 901 530 ut
923 467 1013 551 illos,
1041 490 1122 552 quos
1145 470 1233 535 bello

62 556 277 640 subegissem,
309 555 466 620 victoriae
494 577 585 621 meae
610 576 677 621 non
704 556 893 639 paeniteret.
943 555 1059 640 ltaque
1090 558 1234 623 militant
1254 579 1285 626 11

63 645 245 727 vobiscum,
268 666 327 728 pro
350 644 487 727 imperio
505 648 612 709 vestro
632 644 823 729 sanguinem
845 643 998 729 fundunt,
1020 646 1075 729 qui
1099 648 1235 730 superbe

62 734 170 799 habiti
201 734 421 798 rebellassent.
475 731 552 798 Non
588 736 636 798 est
671 732 825 798 diuturna
859 733 1036 817 possessio,
1072 735 1107 799 in
1139 757 1235 819 quam

63 822 173 908 gladio
209 822 407 886 inducimur:
444 822 672 886 beneficiorum
709 822 816 907 gratia
854 823 1051 906 sempiterna
1087 826 1145 888 est.
1200 822 1235 889 Si
1256 845 1287 893 12

63 912 182 976 habere
205 911 333 995 Asiam,
355 931 421 975 non
443 911 584 976 transire
605 910 769 994 volumus,
800 932 872 975 oum
894 911 946 975 his
971 912 1236 978 communicanda

65 1004 124 1064 est'
141 1003 255 1064 nostra
283 1000 467 1065 elementia:
495 999 611 1064 horum
638 999 719 1065 fides
748 1000 921 1064 stabilest
946 1004 1112 1065 aeternum
1139 1001 1236 1067 faciet

65 1090 245 1172 imperium.
282 1089 328 1153 Et
346 1110 423 1154 eane
442 1089 516 1172 plus
538 1088 707 1172 habemus,
731 1111 828 1173 quam
847 1090 1000 1171 capimus.
1035 1089 1235 1155 Insatiabilis

66 1182 175 1242 autem
202 1178 340 1242 avaritia
369 1181 417 1242 est
440 1177 544 1242 adhue
565 1178 690 1262 inplere
713 1177 810 1262 velle,
839 1177 1013 1262 quodiam
1036 1179 1235 1244 circumfluit.

66 1266 298 1332 Verumtamen
317 1289 426 1332 eorum
444 1287 542 1332 mores
559 1268 594 1331 in
611 1265 805 1332 Macedonas
828 1266 1033 1332 transfundo!
1065 1267 1105 1332 In
1123 1268 1235 1333 multis
1255 1288 1288 1337 13

66 1356 152 1420 enim
175 1356 326 1440 gentibus
351 1378 420 1420 esse
443 1355 549 1439 video,
573 1378 655 1440 quae
676 1378 743 1421 non
766 1356 992 1421 erubescamus
1015 1356 1152 1421 imitari:
1177 1378 1236 1421 neo

65 1444 161 1508 aliter
188 1448 317 1508 tantum
344 1445 516 1527 imperium
545 1448 621 1528 apte
648 1446 718 1530 regi
745 1448 868 1529 potest,
895 1467 993 1529 quam
1015 1448 1052 1509 ut
1079 1445 1236 1530 quaedam

10 1541 53 1605 28
65 1537 99 1597 et
120 1533 286 1596 tradamus
310 1533 377 1597 illis
401 1536 434 1597 et
456 1533 496 1597 ab
524 1533 627 1598 isdem
649 1533 821 1599 diseamus.
865 1533 950 1598 Illud
976 1556 1079 1618 paene
1102 1535 1236 1619 dignum
1256 1556 1289 1605 14

64 1622 133 1686 risu
168 1621 243 1704 fuit,
281 1622 366 1706 quod
398 1620 591 1686 Hermolaus
627 1621 818 1705 postulabat
848 1643 868 1685 a
895 1645 967 1704 me,
1002 1626 1041 1687 ut
1072 1645 1237 1688 aversarer

64 1709 190 1793 Iovem,
218 1709 307 1774 ouius
336 1711 465 1775 oraculo
493 1710 681 1795 adgnoscor.
731 1709 781 1774 An
804 1710 916 1794 etiam,
945 1710 1022 1795 quid
1050 1711 1083 1775 di
1106 1734 1288 1796 respon-15

64 1798 174 1883 deant,
202 1798 237 1862 in
264 1820 337 1862 mea
363 1801 525 1882 potestate
549 1798 621 1865 est?
657 1797 785 1863 Obtulit
812 1820 930 1864 nomen
952 1798 1014 1862 filii
1036 1800 1130 1864 mibi:
1157 1802 1236 1865 reei-

65 1909 141 1970 pere
168 1888 249 1971 ipsis
278 1887 389 1971 rebus,
418 1909 498 1972 quas
526 1888 669 1972 agimus,
700 1887 786 1952 haud
813 1887 952 1952 alienum
980 1887 1052 1952 fuit.
1101 1887 1236 1953 Utinam

64 1976 138 2041 Indi
166 1997 292 2061 quoque
319 1976 414 2041 deum
443 1998 512 2041 esse
540 1998 592 2041 me
619 1975 765 2042 credant!
807 1975 908 2041 Fama
936 1975 1022 2040 enim
1051 1976 1139 2042 bella
1161 1999 1235 2043 eou-

64 2223 110 2306 Ἦ.
124 2224 318 2307 —,dlme[de'u
331 2228 431 2292 purte
444 2222 502 2308 ‘wie
516 2228 541 2277 9.
552 2228 577 2279 2,
589 2229 625 2278 24
678 2221 783 2307 sigkeit
836 2224 913 2349 stifft,
932 2223 999 2308 aber
1016 2222 1062 2279 fiir
1080 2223 1125 2279 die
1141 2223 1236 2308 ¹Zelas-

63 2311 96 2348 uu
110 2295 182 2348 Asso
202 2295 376 2348 solstudemm
396 2295 507 2362 femmas.
543 2296 625 2350 Aueh
678 2294 782 2365 siglre1t
820 2311 850 2349 er
890 2294 1046 2366 erbmdung
1059 2311 1109 2350 oua
1122 2312 1237 2351 cernun-

63 2365 111 2420 bei
135 2366 257 2420 anderen
276 2363 497 2421 Schriftstellem
519 2365 558 2420 ist
578 2365 624 2421 die
677 2366 741 2491 guil
754 2365 859 2435 sprioht
873 2364 918 2420 die
931 2365 1044 2420 ubliohe
1060 2367 1236 2436 persentiohe

65 2437 178 2491 ubliohe
206 2435 419 2491 Construlrtion:
448 2439 506 2493 loeo
532 2438 624 2508 aliquo
704 2436 861 2505 erbindung
874 2437 1060 2505 eiroumtluere
1073 2441 1163 2507 eopia,
1179 2441 1236 2507 opl-

63 2509 239 2563 aolitudiuem
270 2509 373 2576 faeere,
403 2507 496 2562 nieht:
538 2510 625 2564 locum
679 2508 730 2562 bus
743 2525 770 2562 u.
785 2506 872 2577 dergl.
890 2508 948 2561 und
967 2506 1013 2563 die
1027 2509 1164 2580 Analogia
1183 2527 1236 2564 von

65 2581 182 2648 aliquem
204 2580 378 2634 solitudinem
399 2580 489 2647 faeere
513 2583 558 2648 (=
577 2597 625 2634 rur
678 2579 772 2644 Nilus,
790 2595 865 2633 more
882 2580 1027 2648 superfluit
1040 2580 1131 2635 neben
1146 2582 1237 2635 medae

64 2649 173 2705 Einbde
201 2650 338 2718 machon).
358 2680 390 2690 —
412 2651 627 2721 sategissem,
678 2651 861 2720 erpuflmmt
1228 2670 1230 2674 ·

64 2721 271 2788 antepreohend
299 2722 362 2776 dem
387 2720 439 2775 fut.
464 2724 552 2776 exact.
577 2721 627 2776 der
716 2761 758 2809 13·
773 2755 986 2822 transfundo,
1005 2755 1070 2826 vg,
1080 2743 1237 2810 diem„

65 2791 196 2893 difeklffn
213 2793 299 2894 Redi·
410 2880 417 2892 ,
460 2879 466 2892 ‚
504 2879 510 2892 ,
679 2826 823 2881 nianisohe
855 2826 961 2881 Phrese
996 2843 1112 2882 ammon
1147 2832 1236 2882 uuu-

103 2886 144 2936 11.
164 2882 372 2948 reducemur,
392 2897 439 2935 em
454 2881 625 2950 ¹iurasttt.
678 2898 794 2966 nudae
820 2899 853 2952 ,ῃ
875 2899 999 2968 aliqum,
1041 2897 1097 2952 Der
1120 2896 1236 2956 schrift-

64 2954 112 3034 ΒΘ)
125 2952 180 3034 del}
194 2951 327 3034 limem,
346 2952 477 3036 ²1⁰131hqh
491 2968 645 3022 ⁸5⁰⁰sslm-
680 2970 775 3024 steller
797 2969 860 3023 halt
881 2969 932 3023 das
952 2968 1016 3024 Bild
1038 2986 1103 3024 vom
1122 2967 1237 3023 Gefdsse

64 3024 119 3077 ms
136 3027 209 3076 mets
227 3041 259 3076 u
277 3024 348 3077 auu
366 3024 494 3078 uuuu.
678 3040 743 3096 fest.
762 3065 796 3081 -
815 3041 852 3094 su
869 3041 985 3094 uultu
1003 3041 1087 3094 essu
1102 3043 1156 3094 eu.
1189 3040 1237 3093 sr-

103 3116 145 3166 12.
164 3116 281 3165 uestra
299 3111 343 3166 fiir
360 3129 427 3167 meo.
459 3111 538 3166 Sina:
558 3127 627 3182 opus
680 3111 830 3181 ltntemng
849 3110 897 3166 des
915 3128 948 3164 zu
966 3109 1165 3180 supplirenden
1183 3109 1235 3164 Ge-

65 3188 118 3248 est,
137 3183 303 3236 elementiam
319 3199 406 3238 meam
424 3199 486 3239 oum
502 3184 545 3238 leis
679 3181 818 3236 dankens:
847 3187 927 3251 utque
952 3185 1022 3236 reete
1048 3196 1095 3249 epo
1121 3181 1236 3249 quidem.

66 3269 118 3323 que
146 3254 348 3310 communicari.
373 3284 407 3295 -
431 3255 518 3324 plue.
546 3255 625 3310 Aex.
681 3253 784 3307 Multis
801 3253 839 3306 ist
856 3251 932 3306 wohl
948 3276 984 3297 ==
1003 3246 1123 3312 ἐκείνοις
1141 3245 1237 3304 τοσού-

66 3323 157 3377 meint
178 3322 258 3377 nieht
287 3323 340 3378 den
362 3325 485 3394 Umfang
512 3324 561 3379 des
584 3341 626 3378 er·
678 3342 738 3386 τοις
755 3314 827 3378 οὖσι.
846 3353 880 3362 -
899 3338 957 3377 nee
974 3322 1091 3387 alitem
1110 3338 1159 3376 nee
1176 3320 1238 3376 hier

67 3396 185 3450 oberten
204 3393 359 3464 Gebiets,
377 3395 451 3450 donn
469 3395 561 3451 dieses
577 3413 625 3466 ge·
680 3417 714 3440 ==
745 3394 813 3448 und
844 3392 1040 3462 uberhaupt
1070 3391 1174 3448 nieht.
1206 3423 1235 3432 -

67 3465 156 3520 denkt
165 3482 195 3521 er
207 3465 282 3520 noch
294 3484 328 3519 au
338 3465 492 3533 emitum,
506 3466 626 3521 sondern
679 3465 840 3534 quaedam
871 3469 900 3519 et
926 3505 932 3519 .
957 3505 963 3518 .
986 3469 1030 3531 et,
1062 3462 1237 3518 advermffie

65 3538 121 3591 den
136 3537 258 3606 Umfang
274 3536 324 3591 der
337 3554 392 3593 von
410 3537 464 3591 den
478 3536 627 3607 Besiegten
680 3535 834 3606 Partition,
853 3532 916 3590 ἔνια
934 3530 969 3589 τὰ
987 3533 1040 3606 μέν
1059 3578 1065 3590 .
1086 3579 1092 3591 ,
1112 3531 1146 3589 τὰ
1166 3534 1207 3590 δέ.

65 3607 116 3664 auf
151 3609 206 3663 den
243 3607 340 3678 Sieger
375 3608 627 3678 fibergegangenen
717 3648 759 3697 14,
783 3630 977 3725 adqnogco,
994 3659 1031 3698 sc·
1058 3643 1134 3710 ,mm
1162 3660 1182 3698 Β·
1212 3649 1236 3697 6.

64 3679 627 3821 ttettetl'ttlltltidlt
680 3719 773 3840 pp,
791 3712 1019 3856 ,32¹3pr
1032 3719 1141 3839 sup
1163 3713 1237 3768 re

67 3821 144 3876 einer
167 3820 392 3890 Besehrtnkung.
411 3852 446 3862 -
468 3823 627 3890 capimus,

66 3893 120 3946 wie
144 3899 168 3949 6.
192 3897 217 3948 9.
243 3898 274 3945 11
299 3894 405 3947 maura
427 3894 517 3964 spiret
543 3909 627 3963 quam
718 3895 759 3947 lt.
775 3892 864 3960 ipsis
880 3893 992 3958 retus,
1009 3905 1091 3960 quaa
1109 3890 1238 3960 opimus

66 3964 452 4031 eupit-auaritioest.
491 3963 547 4019 Der
568 3964 626 4019 No·
679 3986 713 4008 ε-
742 3962 867 4032 genade
893 3963 947 4017 fiir
972 3976 1093 4016 ansere
1120 3960 1237 4031 Plane,

66 4033 373 4090 mmativwie9.‘1.20,
400 4035 625 4106 [Anderelesenr
679 4032 818 4088 Politik.
848 4064 881 4073 —
909 4034 998 4089 haud
1029 4033 1176 4087 alienum
1203 4056 1237 4078 =

67 4105 227 4175 auantiae}
265 4135 299 4146 -
336 4105 444 4161 adhue
478 4106 626 4174 inplere,
678 4105 870 4172 ubliastmum,
888 4104 975 4159 daher
990 4102 1045 4158 mit
1062 4102 1127 4156 dem
1145 4102 1238 4170 Datis,

69 4175 154 4230 ‘noch
167 4175 258 4230 mehr'
274 4177 413 4244 anfdllen,
432 4195 451 4232 s.
466 4176 538 4230 Einl.
553 4180 569 4242 9
582 4182 625 4231 22.
679 4175 785 4231 welche
815 4173 1014 4231 Constmktion
1046 4173 1096 4228 des
1126 4174 1237 4228 Wortes

67 4248 107 4301 Zu
126 4246 235 4302 denken
249 4246 287 4301 ist
301 4248 379 4303 wohl
396 4247 442 4302 ein
457 4246 561 4318 Objelrt
573 4248 626 4303 wie
680 4246 776 4302 Livius
788 4246 870 4301 nieht
882 4245 984 4314 selben,
999 4245 1153 4300 vereinaelt
1165 4246 1238 4300 auch

66 4333 123 4372 uus.
154 4317 233 4371 Zwar
245 4317 316 4372 wird
329 4319 515 4387 circumfluere
530 4317 559 4372 in
578 4318 628 4374 der
681 4315 779 4372 Oieero
796 4319 855 4373 bat
874 4348 907 4356 —
926 4320 1083 4372 coustant
1100 4316 1153 4372 uie
1172 4322 1243 4370 ae.

67 4389 157 4458 Regel
165 4405 220 4442 von
233 4389 283 4442 der
292 4389 541 4445 dberstrbmenden
549 4389 628 4444 Flus-
682 4394 697 4443 ‘1
717 4389 886 4458 fatuo-bello
903 4392 987 4444 aare.
