<?xml version="1.0" encoding="UTF-8"?>
<!DOCTYPE html PUBLIC "-//W3C//DTD XHTML 1.0 Transitional//EN"
    "http://www.w3.org/TR/xhtml1/DTD/xhtml1-transitional.dtd">
<html xmlns="http://www.w3.org/1999/xhtml" xml:lang="en" lang="en">
 <head>
  <title>
</title>
<meta http-equiv="Content-Type" content="text/html;charset=utf-8" />
  <meta name='ocr-system' content='tesseract 3.04.00' />
  <meta name='ocr-capabilities' content='ocr_page ocr_carea ocr_par ocr_line ocrx_word'/>
</head>
<body>
  <div class='ocr_page' id='page_1' title='image "./qcurtirufihisto02rufugoog_0420.png"; bbox 0 0 2790 4792; ppageno 0'>
   <div class='ocr_carea' id='block_1_1' title="bbox 372 209 1274 281">
    <p class='ocr_par' dir='ltr' id='par_1_1' title="bbox 372 209 1274 281">
     <span class='ocr_line' id='line_1_1' title="bbox 372 209 1274 281; baseline 0.014 -16"><span class='ocrx_word' id='word_1_1' title='bbox 372 210 625 266; x_wconf 82' lang='lat' dir='ltr'><strong>HISTORIARUM</strong></span> <span class='ocrx_word' id='word_1_2' title='bbox 642 209 859 268; x_wconf 79' lang='lat' dir='ltr'><strong>ALEXANDRI</strong></span> <span class='ocrx_word' id='word_1_3' title='bbox 876 209 964 281; x_wconf 80' lang='lat' dir='ltr'>VllII,</span> <span class='ocrx_word' id='word_1_4' title='bbox 983 217 1008 268; x_wconf 74' lang='lat'>2.</span> <span class='ocrx_word' id='word_1_5' title='bbox 1212 213 1274 277; x_wconf 79' lang='grc'>171</span> 
     </span>
    </p>
   </div>
   <div class='ocr_carea' id='block_1_2' title="bbox 104 372 1311 815">
    <p class='ocr_par' dir='ltr' id='par_1_2' title="bbox 104 372 1311 815">
     <span class='ocr_line' id='line_1_2' title="bbox 105 372 1276 461; baseline 0.003 -23"><span class='ocrx_word' id='word_1_6' title='bbox 105 393 146 438; x_wconf 89' lang='lat'>111</span> <span class='ocrx_word' id='word_1_7' title='bbox 169 373 295 437; x_wconf 92' lang='lat' dir='ltr'>milium</span> <span class='ocrx_word' id='word_1_8' title='bbox 317 395 487 438; x_wconf 84' lang='lat' dir='ltr'>numerum</span> <span class='ocrx_word' id='word_1_9' title='bbox 510 375 639 458; x_wconf 84' lang='lat' dir='ltr'>explere</span> <span class='ocrx_word' id='word_1_10' title='bbox 662 372 797 438; x_wconf 90' lang='lat' dir='ltr'>dicebat.</span> <span class='ocrx_word' id='word_1_11' title='bbox 841 372 1047 439; x_wconf 81' lang='lat' dir='ltr'>Incredibilia</span> <span class='ocrx_word' id='word_1_12' title='bbox 1074 377 1144 461; x_wconf 81' lang='lat' dir='ltr'>regi</span> <span class='ocrx_word' id='word_1_13' title='bbox 1167 379 1276 442; x_wconf 89' lang='lat' dir='ltr'>omnia</span> 
     </span>
     <span class='ocr_line' id='line_1_3' title="bbox 105 463 1311 550; baseline 0.006 -24"><span class='ocrx_word' id='word_1_14' title='bbox 105 463 305 527; x_wconf 84' lang='lat' dir='ltr'>videbantur.</span> <span class='ocrx_word' id='word_1_15' title='bbox 341 463 448 546; x_wconf 78' lang='lat' dir='ltr'><strong>Igitur</strong></span> <span class='ocrx_word' id='word_1_16' title='bbox 466 463 587 527; x_wconf 91' lang='lat' dir='ltr'>Porum</span> <span class='ocrx_word' id='word_1_17' title='bbox 602 499 643 509; x_wconf 89' lang='lat'>—</span> <span class='ocrx_word' id='word_1_18' title='bbox 658 483 734 526; x_wconf 88' lang='lat' dir='ltr'>nam</span> <span class='ocrx_word' id='word_1_19' title='bbox 758 482 830 526; x_wconf 90' lang='lat' dir='ltr'>eum</span> <span class='ocrx_word' id='word_1_20' title='bbox 853 484 891 526; x_wconf 89' lang='lat' dir='ltr'>eo</span> <span class='ocrx_word' id='word_1_21' title='bbox 915 468 985 528; x_wconf 90' lang='lat' dir='ltr'>erat</span> <span class='ocrx_word' id='word_1_22' title='bbox 1002 500 1039 510; x_wconf 87' lang='lat'>—</span> <span class='ocrx_word' id='word_1_23' title='bbox 1055 470 1275 550; x_wconf 89' lang='lat' dir='ltr'>percontatur,</span> <span class='ocrx_word' id='word_1_24' title='bbox 1295 485 1311 534; x_wconf 81' lang='lat'><strong>5</strong></span> 
     </span>
     <span class='ocr_line' id='line_1_4' title="bbox 105 550 1311 638; baseline 0.006 -24"><span class='ocrx_word' id='word_1_25' title='bbox 105 574 148 615; x_wconf 89' lang='lat' dir='ltr'>an</span> <span class='ocrx_word' id='word_1_26' title='bbox 172 573 248 615; x_wconf 89' lang='lat' dir='ltr'>vera</span> <span class='ocrx_word' id='word_1_27' title='bbox 271 555 393 632; x_wconf 89' lang='lat' dir='ltr'>essent,</span> <span class='ocrx_word' id='word_1_28' title='bbox 420 573 501 634; x_wconf 89' lang='lat' dir='ltr'>quae</span> <span class='ocrx_word' id='word_1_29' title='bbox 525 552 716 618; x_wconf 78' lang='lat' dir='ltr'>dicerentur.</span> <span class='ocrx_word' id='word_1_30' title='bbox 760 550 821 614; x_wconf 91' lang='lat' dir='ltr'>Ille</span> <span class='ocrx_word' id='word_1_31' title='bbox 848 551 934 615; x_wconf 84' lang='lat' dir='ltr'>vires</span> <span class='ocrx_word' id='word_1_32' title='bbox 960 552 1089 635; x_wconf 90' lang='lat' dir='ltr'>quidem</span> <span class='ocrx_word' id='word_1_33' title='bbox 1111 555 1219 638; x_wconf 82' lang='lat' dir='ltr'>gentis</span> <span class='ocrx_word' id='word_1_34' title='bbox 1244 560 1311 622; x_wconf 88' lang='lat' dir='ltr'>ete</span> 
     </span>
     <span class='ocr_line' id='line_1_5' title="bbox 104 639 1277 738; baseline 0.004 -35"><span class='ocrx_word' id='word_1_35' title='bbox 104 640 197 725; x_wconf 87' lang='lat' dir='ltr'>regni</span> <span class='ocrx_word' id='word_1_36' title='bbox 219 639 308 703; x_wconf 91' lang='lat' dir='ltr'>haud</span> <span class='ocrx_word' id='word_1_37' title='bbox 330 639 414 705; x_wconf 88' lang='lat' dir='ltr'>falso</span> <span class='ocrx_word' id='word_1_38' title='bbox 437 641 553 705; x_wconf 90' lang='lat' dir='ltr'>iactari</span> <span class='ocrx_word' id='word_1_39' title='bbox 576 641 739 705; x_wconf 88' lang='lat' dir='ltr'>adfirmat:</span> <span class='ocrx_word' id='word_1_40' title='bbox 769 642 923 738; x_wconf 78' lang='lat' dir='ltr'>ceterum,</span> <span class='ocrx_word' id='word_1_41' title='bbox 947 642 1002 725; x_wconf 90' lang='lat' dir='ltr'>qui</span> <span class='ocrx_word' id='word_1_42' title='bbox 1024 646 1188 726; x_wconf 82' lang='lat' dir='ltr'>regnaret,</span> <span class='ocrx_word' id='word_1_43' title='bbox 1210 665 1277 708; x_wconf 91' lang='lat' dir='ltr'>non</span> 
     </span>
     <span class='ocr_line' id='line_1_6' title="bbox 104 728 1277 815; baseline 0.003 -23"><span class='ocrx_word' id='word_1_44' title='bbox 104 728 200 793; x_wconf 91' lang='lat' dir='ltr'>modo</span> <span class='ocrx_word' id='word_1_45' title='bbox 220 729 397 813; x_wconf 83' lang='lat' dir='ltr'>ignobilem</span> <span class='ocrx_word' id='word_1_46' title='bbox 417 751 502 812; x_wconf 91' lang='lat' dir='ltr'>esse,</span> <span class='ocrx_word' id='word_1_47' title='bbox 525 728 700 803; x_wconf 87' lang='lat' dir='ltr'>sedetiam</span> <span class='ocrx_word' id='word_1_48' title='bbox 718 728 852 792; x_wconf 89' lang='lat' dir='ltr'>ult1mae</span> <span class='ocrx_word' id='word_1_49' title='bbox 876 729 986 812; x_wconf 87' lang='lat' dir='ltr'>sortis,</span> <span class='ocrx_word' id='word_1_50' title='bbox 1009 730 1127 814; x_wconf 89' lang='lat' dir='ltr'>quippe</span> <span class='ocrx_word' id='word_1_51' title='bbox 1150 736 1277 815; x_wconf 90' lang='lat' dir='ltr'>patrem</span> 
     </span>
    </p>
   </div>
   <div class='ocr_carea' id='block_1_3' title="bbox 102 817 1332 2499">
    <p class='ocr_par' dir='ltr' id='par_1_3' title="bbox 102 817 1332 2499">
     <span class='ocr_line' id='line_1_7' title="bbox 105 817 1332 904; baseline 0.005 -24"><span class='ocrx_word' id='word_1_52' title='bbox 105 818 183 894; x_wconf 89' lang='lat' dir='ltr'>eius,</span> <span class='ocrx_word' id='word_1_53' title='bbox 198 821 364 881; x_wconf 78' lang='lat' dir='ltr'>tonsorem</span> <span class='ocrx_word' id='word_1_54' title='bbox 378 818 431 882; x_wconf 86' lang='lat' dir='ltr'>vix</span> <span class='ocrx_word' id='word_1_55' title='bbox 446 818 560 883; x_wconf 89' lang='lat' dir='ltr'>diurno</span> <span class='ocrx_word' id='word_1_56' title='bbox 578 820 715 902; x_wconf 88' lang='lat' dir='ltr'>quaestu</span> <span class='ocrx_word' id='word_1_57' title='bbox 733 817 977 900; x_wconf 80' lang='lat' dir='ltr'><strong>propulsantem</strong></span> <span class='ocrx_word' id='word_1_58' title='bbox 995 818 1125 904; x_wconf 89' lang='lat' dir='ltr'>famem,</span> <span class='ocrx_word' id='word_1_59' title='bbox 1143 826 1276 904; x_wconf 88' lang='lat' dir='ltr'>propter</span> <span class='ocrx_word' id='word_1_60' title='bbox 1328 869 1332 874; x_wconf 89' lang='lat'><em>-</em></span> 
     </span>
     <span class='ocr_line' id='line_1_8' title="bbox 104 905 1310 993; baseline 0.007 -24"><span class='ocrx_word' id='word_1_61' title='bbox 104 906 254 969; x_wconf 88' lang='lat' dir='ltr'>habitum</span> <span class='ocrx_word' id='word_1_62' title='bbox 276 905 363 970; x_wconf 88' lang='lat' dir='ltr'>haud</span> <span class='ocrx_word' id='word_1_63' title='bbox 384 907 570 972; x_wconf 90' lang='lat' dir='ltr'>indecorum</span> <span class='ocrx_word' id='word_1_64' title='bbox 593 906 681 972; x_wconf 91' lang='lat' dir='ltr'>cordi</span> <span class='ocrx_word' id='word_1_65' title='bbox 703 905 803 969; x_wconf 88' lang='lat' dir='ltr'>fuisse</span> <span class='ocrx_word' id='word_1_66' title='bbox 826 906 966 990; x_wconf 82' lang='lat' dir='ltr'>reginae.</span> <span class='ocrx_word' id='word_1_67' title='bbox 1009 906 1062 970; x_wconf 80' lang='lat' dir='ltr'>Ab</span> <span class='ocrx_word' id='word_1_68' title='bbox 1087 909 1181 973; x_wconf 90' lang='lat' dir='ltr'>eain</span> <span class='ocrx_word' id='word_1_69' title='bbox 1203 929 1310 993; x_wconf 76' lang='lat' dir='ltr'>pro-c</span> 
     </span>
     <span class='ocr_line' id='line_1_9' title="bbox 105 993 1277 1080; baseline 0.003 -22"><span class='ocrx_word' id='word_1_70' title='bbox 105 997 230 1077; x_wconf 90' lang='lat' dir='ltr'>piorem</span> <span class='ocrx_word' id='word_1_71' title='bbox 245 995 323 1078; x_wconf 89' lang='lat' dir='ltr'>eius,</span> <span class='ocrx_word' id='word_1_72' title='bbox 342 996 398 1079; x_wconf 91' lang='lat' dir='ltr'>qni</span> <span class='ocrx_word' id='word_1_73' title='bbox 416 999 486 1059; x_wconf 85' lang='lat' dir='ltr'>tum</span> <span class='ocrx_word' id='word_1_74' title='bbox 502 999 680 1080; x_wconf 80' lang='lat' dir='ltr'><strong>regnasset,</strong></span> <span class='ocrx_word' id='word_1_75' title='bbox 699 993 860 1058; x_wconf 80' lang='lat' dir='ltr'>amicitiae</span> <span class='ocrx_word' id='word_1_76' title='bbox 878 995 985 1060; x_wconf 89' lang='lat' dir='ltr'>locum</span> <span class='ocrx_word' id='word_1_77' title='bbox 1000 994 1164 1062; x_wconf 89' lang='lat' dir='ltr'>admotum</span> <span class='ocrx_word' id='word_1_78' title='bbox 1178 998 1277 1062; x_wconf 89' lang='lat' dir='ltr'>inter-</span> 
     </span>
     <span class='ocr_line' id='line_1_10' title="bbox 104 1083 1277 1167; baseline 0.004 -21"><span class='ocrx_word' id='word_1_79' title='bbox 104 1083 189 1147; x_wconf 87' lang='lat' dir='ltr'>fecto</span> <span class='ocrx_word' id='word_1_80' title='bbox 213 1105 250 1147; x_wconf 90' lang='lat' dir='ltr'>eo</span> <span class='ocrx_word' id='word_1_81' title='bbox 274 1105 331 1167; x_wconf 90' lang='lat' dir='ltr'>per</span> <span class='ocrx_word' id='word_1_82' title='bbox 353 1084 487 1148; x_wconf 84' lang='lat' dir='ltr'>insidias</span> <span class='ocrx_word' id='word_1_83' title='bbox 512 1086 572 1149; x_wconf 93' lang='lat' dir='ltr'>sub</span> <span class='ocrx_word' id='word_1_84' title='bbox 597 1085 701 1167; x_wconf 89' lang='lat' dir='ltr'>specie</span> <span class='ocrx_word' id='word_1_85' title='bbox 724 1083 846 1148; x_wconf 75' lang='lat' dir='ltr'>tutelae</span> <span class='ocrx_word' id='word_1_86' title='bbox 869 1083 1007 1148; x_wconf 92' lang='lat' dir='ltr'>liberum</span> <span class='ocrx_word' id='word_1_87' title='bbox 1029 1084 1096 1149; x_wconf 91' lang='lat' dir='ltr'>eius</span> <span class='ocrx_word' id='word_1_88' title='bbox 1120 1086 1277 1151; x_wconf 85' lang='lat' dir='ltr'>invasisse</span> 
     </span>
     <span class='ocr_line' id='line_1_11' title="bbox 104 1172 1276 1260; baseline 0.003 -25"><span class='ocrx_word' id='word_1_89' title='bbox 104 1193 241 1256; x_wconf 86' lang='lat' dir='ltr'>regnum</span> <span class='ocrx_word' id='word_1_90' title='bbox 254 1172 439 1256; x_wconf 87' lang='lat' dir='ltr'>necatisque</span> <span class='ocrx_word' id='word_1_91' title='bbox 457 1174 565 1256; x_wconf 91' lang='lat' dir='ltr'>pueris</span> <span class='ocrx_word' id='word_1_92' title='bbox 584 1173 684 1255; x_wconf 90' lang='lat' dir='ltr'>huno,</span> <span class='ocrx_word' id='word_1_93' title='bbox 702 1175 756 1256; x_wconf 90' lang='lat' dir='ltr'>qui</span> <span class='ocrx_word' id='word_1_94' title='bbox 772 1193 858 1236; x_wconf 92' lang='lat' dir='ltr'>nunc</span> <span class='ocrx_word' id='word_1_95' title='bbox 875 1177 1006 1256; x_wconf 81' lang='lat' dir='ltr'>regnat,</span> <span class='ocrx_word' id='word_1_96' title='bbox 1024 1194 1210 1260; x_wconf 81' lang='lat' dir='ltr'>generasse,</span> <span class='ocrx_word' id='word_1_97' title='bbox 1227 1176 1276 1238; x_wconf 91' lang='lat' dir='ltr'>in·</span> 
     </span>
     <span class='ocr_line' id='line_1_12' title="bbox 104 1260 1276 1346; baseline 0.004 -23"><span class='ocrx_word' id='word_1_98' title='bbox 104 1260 211 1324; x_wconf 80' lang='lat' dir='ltr'>visum</span> <span class='ocrx_word' id='word_1_99' title='bbox 224 1261 385 1344; x_wconf 83' lang='lat' dir='ltr'>vilemque</span> <span class='ocrx_word' id='word_1_100' title='bbox 398 1261 617 1346; x_wconf 91' lang='lat' dir='ltr'>popularibus,</span> <span class='ocrx_word' id='word_1_101' title='bbox 636 1261 741 1345; x_wconf 84' lang='lat' dir='ltr'>magis</span> <span class='ocrx_word' id='word_1_102' title='bbox 756 1263 909 1343; x_wconf 84' lang='lat' dir='ltr'>paternae</span> <span class='ocrx_word' id='word_1_103' title='bbox 922 1261 1072 1327; x_wconf 87' lang='lat' dir='ltr'>fortunae</span> <span class='ocrx_word' id='word_1_104' title='bbox 1088 1284 1185 1346; x_wconf 91' lang='lat' dir='ltr'>quam</span> <span class='ocrx_word' id='word_1_105' title='bbox 1199 1285 1276 1328; x_wconf 90' lang='lat' dir='ltr'>suae</span> 
     </span>
     <span class='ocr_line' id='line_1_13' title="bbox 107 1349 1312 1436; baseline 0.006 -24"><span class='ocrx_word' id='word_1_106' title='bbox 107 1371 290 1414; x_wconf 88' lang='lat' dir='ltr'>memorem.</span> <span class='ocrx_word' id='word_1_107' title='bbox 331 1350 526 1415; x_wconf 89' lang='lat' dir='ltr'>Adfirmatio</span> <span class='ocrx_word' id='word_1_108' title='bbox 545 1350 620 1416; x_wconf 91' lang='lat' dir='ltr'>Pori</span> <span class='ocrx_word' id='word_1_109' title='bbox 645 1349 859 1433; x_wconf 89' lang='lat' dir='ltr'>multiplicem</span> <span class='ocrx_word' id='word_1_110' title='bbox 882 1350 991 1415; x_wconf 90' lang='lat' dir='ltr'>animo</span> <span class='ocrx_word' id='word_1_111' title='bbox 1014 1352 1099 1436; x_wconf 81' lang='lat' dir='ltr'>regis</span> <span class='ocrx_word' id='word_1_112' title='bbox 1123 1352 1312 1422; x_wconf 87' lang='lat' dir='ltr'>iniecerate</span> 
     </span>
     <span class='ocr_line' id='line_1_14' title="bbox 104 1436 1277 1523; baseline 0.003 -22"><span class='ocrx_word' id='word_1_113' title='bbox 104 1459 224 1502; x_wconf 89' lang='lat' dir='ltr'>euram.</span> <span class='ocrx_word' id='word_1_114' title='bbox 260 1436 400 1503; x_wconf 87' lang='lat' dir='ltr'>Hostem</span> <span class='ocrx_word' id='word_1_115' title='bbox 418 1439 593 1523; x_wconf 89' lang='lat' dir='ltr'>beluasque</span> <span class='ocrx_word' id='word_1_116' title='bbox 613 1439 792 1523; x_wconf 76' lang='lat' dir='ltr'>spernebat,</span> <span class='ocrx_word' id='word_1_117' title='bbox 811 1438 910 1502; x_wconf 90' lang='lat' dir='ltr'>situm</span> <span class='ocrx_word' id='word_1_118' title='bbox 928 1438 1074 1503; x_wconf 90' lang='lat' dir='ltr'>locorum</span> <span class='ocrx_word' id='word_1_119' title='bbox 1092 1443 1125 1504; x_wconf 94' lang='lat' dir='ltr'>et</span> <span class='ocrx_word' id='word_1_120' title='bbox 1138 1442 1204 1504; x_wconf 88' lang='lat' dir='ltr'>vim</span> <span class='ocrx_word' id='word_1_121' title='bbox 1218 1441 1277 1506; x_wconf 87' lang='lat' dir='ltr'>flu-</span> 
     </span>
     <span class='ocr_line' id='line_1_15' title="bbox 104 1526 1311 1613; baseline 0.008 -24"><span class='ocrx_word' id='word_1_122' title='bbox 104 1526 228 1589; x_wconf 90' lang='lat' dir='ltr'>minum</span> <span class='ocrx_word' id='word_1_123' title='bbox 245 1526 483 1592; x_wconf 85' lang='lat' dir='ltr'>extimescebat.</span> <span class='ocrx_word' id='word_1_124' title='bbox 519 1527 696 1613; x_wconf 82' lang='lat' dir='ltr'>Relegatos</span> <span class='ocrx_word' id='word_1_125' title='bbox 715 1527 749 1591; x_wconf 90' lang='lat' dir='ltr'>in</span> <span class='ocrx_word' id='word_1_126' title='bbox 763 1526 915 1607; x_wconf 89' lang='lat' dir='ltr'>ultimum</span> <span class='ocrx_word' id='word_1_127' title='bbox 928 1549 1031 1610; x_wconf 91' lang='lat' dir='ltr'>paene</span> <span class='ocrx_word' id='word_1_128' title='bbox 1045 1550 1152 1593; x_wconf 89' lang='lat' dir='ltr'>rerum</span> <span class='ocrx_word' id='word_1_129' title='bbox 1166 1528 1277 1595; x_wconf 86' lang='lat' dir='ltr'>huma·</span> <span class='ocrx_word' id='word_1_130' title='bbox 1295 1551 1311 1599; x_wconf 86' lang='lat' dir='ltr'>e</span> 
     </span>
     <span class='ocr_line' id='line_1_16' title="bbox 103 1613 1276 1700; baseline 0.004 -22"><span class='ocrx_word' id='word_1_131' title='bbox 103 1636 218 1678; x_wconf 91' lang='lat' dir='ltr'>narum</span> <span class='ocrx_word' id='word_1_132' title='bbox 242 1616 391 1700; x_wconf 89' lang='lat' dir='ltr'>persequi</span> <span class='ocrx_word' id='word_1_133' title='bbox 413 1617 587 1681; x_wconf 90' lang='lat' dir='ltr'>terminum</span> <span class='ocrx_word' id='word_1_134' title='bbox 611 1621 644 1682; x_wconf 91' lang='lat' dir='ltr'>et</span> <span class='ocrx_word' id='word_1_135' title='bbox 668 1636 777 1681; x_wconf 90' lang='lat' dir='ltr'>eruere</span> <span class='ocrx_word' id='word_1_136' title='bbox 801 1613 937 1679; x_wconf 91' lang='lat' dir='ltr'>arduum</span> <span class='ocrx_word' id='word_1_137' title='bbox 959 1615 1141 1682; x_wconf 82' lang='lat' dir='ltr'>videbatur:</span> <span class='ocrx_word' id='word_1_138' title='bbox 1164 1640 1276 1683; x_wconf 90' lang='lat' dir='ltr'>rursus</span> 
     </span>
     <span class='ocr_line' id='line_1_17' title="bbox 104 1703 1277 1789; baseline 0.003 -22"><span class='ocrx_word' id='word_1_139' title='bbox 104 1704 242 1769; x_wconf 84' lang='lat' dir='ltr'>avaritia</span> <span class='ocrx_word' id='word_1_140' title='bbox 261 1705 383 1789; x_wconf 85' lang='lat' dir='ltr'>gloriae</span> <span class='ocrx_word' id='word_1_141' title='bbox 403 1708 435 1768; x_wconf 91' lang='lat' dir='ltr'>et</span> <span class='ocrx_word' id='word_1_142' title='bbox 453 1704 651 1769; x_wconf 88' lang='lat' dir='ltr'>insatiabilis</span> <span class='ocrx_word' id='word_1_143' title='bbox 670 1703 787 1787; x_wconf 90' lang='lat' dir='ltr'>cupido</span> <span class='ocrx_word' id='word_1_144' title='bbox 805 1703 913 1767; x_wconf 86' lang='lat' dir='ltr'>famae</span> <span class='ocrx_word' id='word_1_145' title='bbox 931 1704 1015 1768; x_wconf 91' lang='lat' dir='ltr'>nihil</span> <span class='ocrx_word' id='word_1_146' title='bbox 1034 1706 1171 1789; x_wconf 88' lang='lat' dir='ltr'>invium,</span> <span class='ocrx_word' id='word_1_147' title='bbox 1193 1707 1277 1771; x_wconf 91' lang='lat' dir='ltr'>nihil</span> 
     </span>
     <span class='ocr_line' id='line_1_18' title="bbox 103 1791 1329 1879; baseline 0.007 -24"><span class='ocrx_word' id='word_1_148' title='bbox 103 1797 263 1856; x_wconf 89' lang='lat' dir='ltr'>remotum</span> <span class='ocrx_word' id='word_1_149' title='bbox 282 1793 384 1857; x_wconf 88' lang='lat' dir='ltr'>videri</span> <span class='ocrx_word' id='word_1_150' title='bbox 406 1794 539 1858; x_wconf 89' lang='lat' dir='ltr'>sinebat.</span> <span class='ocrx_word' id='word_1_151' title='bbox 572 1791 618 1858; x_wconf 76' lang='lat' dir='ltr'>llt</span> <span class='ocrx_word' id='word_1_152' title='bbox 636 1792 798 1857; x_wconf 86' lang='lat' dir='ltr'>interdum</span> <span class='ocrx_word' id='word_1_153' title='bbox 817 1791 996 1876; x_wconf 87' lang='lat' dir='ltr'>dubitabat,</span> <span class='ocrx_word' id='word_1_154' title='bbox 1015 1814 1057 1858; x_wconf 88' lang='lat' dir='ltr'>an</span> <span class='ocrx_word' id='word_1_155' title='bbox 1075 1793 1276 1879; x_wconf 88' lang='lat' dir='ltr'>Macedones,</span> <span class='ocrx_word' id='word_1_156' title='bbox 1296 1817 1329 1866; x_wconf 90' lang='lat'>10</span> 
     </span>
     <span class='ocr_line' id='line_1_19' title="bbox 102 1880 1276 1966; baseline 0.003 -22"><span class='ocrx_word' id='word_1_157' title='bbox 102 1885 155 1944; x_wconf 91' lang='lat' dir='ltr'>tot</span> <span class='ocrx_word' id='word_1_158' title='bbox 173 1882 294 1945; x_wconf 90' lang='lat' dir='ltr'>emensi</span> <span class='ocrx_word' id='word_1_159' title='bbox 313 1883 420 1965; x_wconf 90' lang='lat' dir='ltr'>spatia</span> <span class='ocrx_word' id='word_1_160' title='bbox 440 1887 608 1965; x_wconf 89' lang='lat' dir='ltr'>terrarum,</span> <span class='ocrx_word' id='word_1_161' title='bbox 626 1883 660 1945; x_wconf 91' lang='lat' dir='ltr'>in</span> <span class='ocrx_word' id='word_1_162' title='bbox 679 1881 747 1946; x_wconf 89' lang='lat' dir='ltr'>acie</span> <span class='ocrx_word' id='word_1_163' title='bbox 763 1884 796 1944; x_wconf 90' lang='lat' dir='ltr'>et</span> <span class='ocrx_word' id='word_1_164' title='bbox 813 1880 849 1944; x_wconf 85' lang='lat' dir='ltr'>in</span> <span class='ocrx_word' id='word_1_165' title='bbox 866 1880 982 1944; x_wconf 87' lang='lat' dir='ltr'>castris</span> <span class='ocrx_word' id='word_1_166' title='bbox 1002 1902 1095 1946; x_wconf 88' lang='lat' dir='ltr'>senes</span> <span class='ocrx_word' id='word_1_167' title='bbox 1114 1883 1201 1966; x_wconf 86' lang='lat' dir='ltr'>facti,</span> <span class='ocrx_word' id='word_1_168' title='bbox 1219 1906 1276 1966; x_wconf 91' lang='lat' dir='ltr'>per</span> 
     </span>
     <span class='ocr_line' id='line_1_20' title="bbox 105 1969 1276 2054; baseline 0.003 -21"><span class='ocrx_word' id='word_1_169' title='bbox 105 1970 230 2034; x_wconf 88' lang='lat' dir='ltr'>obieeta</span> <span class='ocrx_word' id='word_1_170' title='bbox 248 1971 393 2050; x_wconf 85' lang='lat' dir='ltr'>flumina,</span> <span class='ocrx_word' id='word_1_171' title='bbox 417 1993 474 2054; x_wconf 89' lang='lat' dir='ltr'>per</span> <span class='ocrx_word' id='word_1_172' title='bbox 492 1975 543 2035; x_wconf 88' lang='lat' dir='ltr'>tot</span> <span class='ocrx_word' id='word_1_173' title='bbox 561 1976 697 2035; x_wconf 88' lang='lat' dir='ltr'>naturae</span> <span class='ocrx_word' id='word_1_174' title='bbox 716 1970 883 2034; x_wconf 89' lang='lat' dir='ltr'>obstantes</span> <span class='ocrx_word' id='word_1_175' title='bbox 907 1969 1117 2034; x_wconf 87' lang='lat' dir='ltr'>difficultates</span> <span class='ocrx_word' id='word_1_176' title='bbox 1136 1972 1276 2036; x_wconf 88' lang='lat' dir='ltr'>secuturi</span> 
     </span>
     <span class='ocr_line' id='line_1_21' title="bbox 105 2058 1277 2144; baseline 0.004 -24"><span class='ocrx_word' id='word_1_177' title='bbox 105 2062 224 2122; x_wconf 89' lang='lat' dir='ltr'>essent:</span> <span class='ocrx_word' id='word_1_178' title='bbox 253 2059 454 2124; x_wconf 88' lang='lat' dir='ltr'>abundantes</span> <span class='ocrx_word' id='word_1_179' title='bbox 479 2063 676 2143; x_wconf 90' lang='lat' dir='ltr'>onustosque</span> <span class='ocrx_word' id='word_1_180' title='bbox 701 2058 823 2143; x_wconf 85' lang='lat' dir='ltr'>praeda</span> <span class='ocrx_word' id='word_1_181' title='bbox 844 2058 950 2142; x_wconf 81' lang='lat' dir='ltr'>magis</span> <span class='ocrx_word' id='word_1_182' title='bbox 977 2063 1072 2141; x_wconf 87' lang='lat' dir='ltr'>parta</span> <span class='ocrx_word' id='word_1_183' title='bbox 1098 2060 1162 2124; x_wconf 88' lang='lat' dir='ltr'>frui</span> <span class='ocrx_word' id='word_1_184' title='bbox 1185 2060 1277 2144; x_wconf 89' lang='lat' dir='ltr'>velle,</span> 
     </span>
     <span class='ocr_line' id='line_1_22' title="bbox 104 2146 1329 2233; baseline 0.003 -24"><span class='ocrx_word' id='word_1_185' title='bbox 104 2168 200 2229; x_wconf 89' lang='lat' dir='ltr'>quam</span> <span class='ocrx_word' id='word_1_186' title='bbox 225 2146 422 2231; x_wconf 89' lang='lat' dir='ltr'>adquirenda</span> <span class='ocrx_word' id='word_1_187' title='bbox 444 2148 586 2233; x_wconf 83' lang='lat' dir='ltr'>fatigari.</span> <span class='ocrx_word' id='word_1_188' title='bbox 633 2148 710 2213; x_wconf 91' lang='lat' dir='ltr'>Non</span> <span class='ocrx_word' id='word_1_189' title='bbox 730 2147 816 2211; x_wconf 89' lang='lat' dir='ltr'>idem</span> <span class='ocrx_word' id='word_1_190' title='bbox 840 2146 903 2211; x_wconf 93' lang='lat' dir='ltr'>sibi</span> <span class='ocrx_word' id='word_1_191' title='bbox 931 2148 964 2211; x_wconf 90' lang='lat' dir='ltr'>et</span> <span class='ocrx_word' id='word_1_192' title='bbox 990 2147 1149 2213; x_wconf 89' lang='lat' dir='ltr'>militibus</span> <span class='ocrx_word' id='word_1_193' title='bbox 1177 2149 1277 2213; x_wconf 90' lang='lat' dir='ltr'>animi</span> <span class='ocrx_word' id='word_1_194' title='bbox 1297 2174 1329 2222; x_wconf 90' lang='lat'>11</span> 
     </span>
     <span class='ocr_line' id='line_1_23' title="bbox 103 2235 1277 2321; baseline 0.003 -23"><span class='ocrx_word' id='word_1_195' title='bbox 103 2257 184 2317; x_wconf 85' lang='lat' dir='ltr'>esse,</span> <span class='ocrx_word' id='word_1_196' title='bbox 197 2256 229 2300; x_wconf 83' lang='lat' dir='ltr'>se</span> <span class='ocrx_word' id='word_1_197' title='bbox 242 2235 344 2301; x_wconf 89' lang='lat' dir='ltr'>totius</span> <span class='ocrx_word' id='word_1_198' title='bbox 359 2237 449 2301; x_wconf 92' lang='lat' dir='ltr'>orbis</span> <span class='ocrx_word' id='word_1_199' title='bbox 462 2237 633 2321; x_wconf 89' lang='lat' dir='ltr'>imperium</span> <span class='ocrx_word' id='word_1_200' title='bbox 648 2239 756 2301; x_wconf 90' lang='lat' dir='ltr'>mente</span> <span class='ocrx_word' id='word_1_201' title='bbox 771 2235 961 2320; x_wconf 87' lang='lat' dir='ltr'>conplexum</span> <span class='ocrx_word' id='word_1_202' title='bbox 977 2236 1080 2300; x_wconf 90' lang='lat' dir='ltr'>adhue</span> <span class='ocrx_word' id='word_1_203' title='bbox 1093 2237 1128 2300; x_wconf 91' lang='lat' dir='ltr'>in</span> <span class='ocrx_word' id='word_1_204' title='bbox 1143 2259 1277 2320; x_wconf 89' lang='lat' dir='ltr'>operum</span> 
     </span>
     <span class='ocr_line' id='line_1_24' title="bbox 103 2324 1276 2409; baseline 0.003 -22"><span class='ocrx_word' id='word_1_205' title='bbox 103 2345 236 2388; x_wconf 88' lang='lat' dir='ltr'>suorum</span> <span class='ocrx_word' id='word_1_206' title='bbox 254 2325 432 2407; x_wconf 86' lang='lat' dir='ltr'>primordio</span> <span class='ocrx_word' id='word_1_207' title='bbox 452 2329 552 2391; x_wconf 90' lang='lat' dir='ltr'>stare:</span> <span class='ocrx_word' id='word_1_208' title='bbox 571 2325 709 2390; x_wconf 89' lang='lat' dir='ltr'>militem</span> <span class='ocrx_word' id='word_1_209' title='bbox 728 2324 840 2390; x_wconf 88' lang='lat' dir='ltr'>labore</span> <span class='ocrx_word' id='word_1_210' title='bbox 859 2324 1073 2409; x_wconf 83' lang='lat' dir='ltr'>defatigatum</span> <span class='ocrx_word' id='word_1_211' title='bbox 1091 2326 1276 2409; x_wconf 89' lang='lat' dir='ltr'>proximum</span> 
     </span>
     <span class='ocr_line' id='line_1_25' title="bbox 103 2412 1328 2499; baseline 0.004 -24"><span class='ocrx_word' id='word_1_212' title='bbox 103 2434 261 2497; x_wconf 91' lang='lat' dir='ltr'>quemque</span> <span class='ocrx_word' id='word_1_213' title='bbox 284 2412 426 2479; x_wconf 88' lang='lat' dir='ltr'>fructum</span> <span class='ocrx_word' id='word_1_214' title='bbox 449 2414 542 2479; x_wconf 86' lang='lat' dir='ltr'>finito</span> <span class='ocrx_word' id='word_1_215' title='bbox 566 2414 698 2478; x_wconf 90' lang='lat' dir='ltr'>tandem</span> <span class='ocrx_word' id='word_1_216' title='bbox 720 2413 865 2498; x_wconf 91' lang='lat' dir='ltr'>periculo</span> <span class='ocrx_word' id='word_1_217' title='bbox 890 2416 1048 2496; x_wconf 86' lang='lat' dir='ltr'>expetere.</span> <span class='ocrx_word' id='word_1_218' title='bbox 1088 2412 1178 2479; x_wconf 91' lang='lat' dir='ltr'>Vicit</span> <span class='ocrx_word' id='word_1_219' title='bbox 1198 2435 1275 2499; x_wconf 84' lang='lat' dir='ltr'>ergo</span> <span class='ocrx_word' id='word_1_220' title='bbox 1296 2444 1328 2491; x_wconf 81' lang='lat'>12</span> 
     </span>
    </p>
   </div>
   <div class='ocr_carea' id='block_1_4' title="bbox 102 2657 1277 2870">
    <p class='ocr_par' dir='ltr' id='par_1_4' title="bbox 102 2657 1277 2870">
     <span class='ocr_line' id='line_1_26' title="bbox 139 2657 1277 2726; baseline 0.004 -16"><span class='ocrx_word' id='word_1_221' title='bbox 139 2663 163 2711; x_wconf 85' lang='lat'>6.</span> <span class='ocrx_word' id='word_1_222' title='bbox 183 2659 322 2713; x_wconf 81' lang='lat' dir='ltr'>ultimae</span> <span class='ocrx_word' id='word_1_223' title='bbox 335 2684 369 2704; x_wconf 93' lang='lat'>=</span> <span class='ocrx_word' id='word_1_224' title='bbox 383 2659 502 2726; x_wconf 67' lang='lat' dir='ltr'>infimae.</span> <span class='ocrx_word' id='word_1_225' title='bbox 535 2657 572 2714; x_wconf 81' lang='lat' dir='ltr'>So</span> <span class='ocrx_word' id='word_1_226' title='bbox 590 2657 663 2715; x_wconf 85' lang='lat' dir='ltr'>Vell.</span> <span class='ocrx_word' id='word_1_227' title='bbox 718 2657 890 2724; x_wconf 72' lang='lat' dir='ltr'>Classilrerm</span> <span class='ocrx_word' id='word_1_228' title='bbox 905 2674 925 2711; x_wconf 87' lang='lat' dir='ltr'>s.</span> <span class='ocrx_word' id='word_1_229' title='bbox 942 2664 965 2713; x_wconf 75' lang='lat'>⁷.</span> <span class='ocrx_word' id='word_1_230' title='bbox 980 2663 1004 2711; x_wconf 84' lang='lat'>9.</span> <span class='ocrx_word' id='word_1_231' title='bbox 1017 2663 1060 2711; x_wconf 81' lang='lat'>23.</span> <span class='ocrx_word' id='word_1_232' title='bbox 1075 2688 1108 2699; x_wconf 86' lang='lat'>-</span> <span class='ocrx_word' id='word_1_233' title='bbox 1123 2658 1277 2714; x_wconf 81' lang='lat' dir='ltr'>avaritie</span> 
     </span>
     <span class='ocr_line' id='line_1_27' title="bbox 104 2728 1276 2798; baseline 0.002 -16"><span class='ocrx_word' id='word_1_234' title='bbox 104 2735 127 2782; x_wconf 92' lang='lat'>1.</span> <span class='ocrx_word' id='word_1_235' title='bbox 154 2735 186 2782; x_wconf 90' lang='lat'>11</span> <span class='ocrx_word' id='word_1_236' title='bbox 209 2730 323 2784; x_wconf 78' lang='lat' dir='ltr'>ultimae</span> <span class='ocrx_word' id='word_1_237' title='bbox 346 2730 504 2798; x_wconf 76' lang='lat' dir='ltr'>stirpia—</span> <span class='ocrx_word' id='word_1_238' title='bbox 524 2730 664 2798; x_wconf 79' lang='lat' dir='ltr'>propal-</span> <span class='ocrx_word' id='word_1_239' title='bbox 717 2729 877 2798; x_wconf 74' lang='lat' dir='ltr'>plectae,</span> <span class='ocrx_word' id='word_1_240' title='bbox 913 2728 975 2782; x_wconf 89' lang='lat' dir='ltr'>eine</span> <span class='ocrx_word' id='word_1_241' title='bbox 1011 2745 1082 2798; x_wconf 80' lang='lat' dir='ltr'>ganz</span> <span class='ocrx_word' id='word_1_242' title='bbox 1114 2729 1276 2784; x_wconf 77' lang='lat' dir='ltr'>vereinzelt</span> 
     </span>
     <span class='ocr_line' id='line_1_28' title="bbox 102 2798 1277 2870; baseline 0.001 -17"><span class='ocrx_word' id='word_1_243' title='bbox 102 2805 230 2854; x_wconf 77' lang='lat' dir='ltr'>sautem</span> <span class='ocrx_word' id='word_1_244' title='bbox 248 2800 274 2853; x_wconf 92' lang='lat' dir='ltr'>d.</span> <span class='ocrx_word' id='word_1_245' title='bbox 289 2801 307 2853; x_wconf 89' lang='lat' dir='ltr'>i.</span> <span class='ocrx_word' id='word_1_246' title='bbox 326 2802 374 2870; x_wconf 79' lang='lat' dir='ltr'>qui</span> <span class='ocrx_word' id='word_1_247' title='bbox 392 2806 458 2870; x_wconf 71' lang='lat' dir='ltr'>tque</span> <span class='ocrx_word' id='word_1_248' title='bbox 473 2800 662 2869; x_wconf 78' lang='lat' dir='ltr'>propulsabat.</span> <span class='ocrx_word' id='word_1_249' title='bbox 718 2799 852 2854; x_wconf 90' lang='lat' dir='ltr'>stehende</span> <span class='ocrx_word' id='word_1_250' title='bbox 881 2798 1076 2868; x_wconf 84' lang='lat' dir='ltr'>Verbindung;</span> <span class='ocrx_word' id='word_1_251' title='bbox 1108 2799 1179 2854; x_wconf 89' lang='lat' dir='ltr'>doch</span> <span class='ocrx_word' id='word_1_252' title='bbox 1213 2803 1277 2870; x_wconf 82' lang='lat' dir='ltr'>sagt</span> 
     </span>
    </p>
   </div>
   <div class='ocr_carea' id='block_1_5' title="bbox 103 2870 1277 3304">
    <p class='ocr_par' dir='ltr' id='par_1_5' title="bbox 103 2870 1277 3304">
     <span class='ocr_line' id='line_1_29' title="bbox 140 2870 1277 2954; baseline 0.006 -21"><span class='ocrx_word' id='word_1_253' title='bbox 140 2885 164 2933; x_wconf 80' lang='grc'>7.</span> <span class='ocrx_word' id='word_1_254' title='bbox 180 2881 381 2948; x_wconf 76' lang='lat' dir='ltr'>propiorem.</span> <span class='ocrx_word' id='word_1_255' title='bbox 419 2880 529 2935; x_wconf 86' lang='lat' dir='ltr'>Ebenso</span> <span class='ocrx_word' id='word_1_256' title='bbox 549 2887 573 2935; x_wconf 83' lang='grc'>6.</span> <span class='ocrx_word' id='word_1_257' title='bbox 588 2886 613 2934; x_wconf 79' lang='lat'>7.</span> <span class='ocrx_word' id='word_1_258' title='bbox 629 2885 662 2933; x_wconf 84' lang='lat'>31</span> <span class='ocrx_word' id='word_1_259' title='bbox 717 2870 1072 2954; x_wconf 58' lang='grc' dir='ltr'>ΗΟῑθῑῐΡῒαθΐθΗΜῗΜ</span> <span class='ocrx_word' id='word_1_260' title='bbox 1089 2870 1277 2940; x_wconf 58' lang='lat' dir='ltr'>mummi)</span> 
     </span>
     <span class='ocr_line' id='line_1_30' title="bbox 103 2941 1275 3021; baseline 0.002 -27"><span class='ocrx_word' id='word_1_261' title='bbox 103 2966 156 3020; x_wconf 69' lang='lat' dir='ltr'>quo</span> <span class='ocrx_word' id='word_1_262' title='bbox 179 2952 311 3019; x_wconf 73' lang='lat' dir='ltr'>propiore</span> <span class='ocrx_word' id='word_1_263' title='bbox 341 2953 432 3021; x_wconf 63' lang='lat' dir='ltr'>prada</span> <span class='ocrx_word' id='word_1_264' title='bbox 459 2951 597 3005; x_wconf 74' lang='lat' dir='ltr'>amicitiae</span> <span class='ocrx_word' id='word_1_265' title='bbox 623 2967 664 3005; x_wconf 76' lang='lat' dir='ltr'>me</span> <span class='ocrx_word' id='word_1_266' title='bbox 717 2942 873 2997; x_wconf 73' lang='lat' dir='ltr'>avari.—</span> <span class='ocrx_word' id='word_1_267' title='bbox 889 2941 999 2996; x_wconf 68' lang='lat' dir='ltr'>videri</span> <span class='ocrx_word' id='word_1_268' title='bbox 1015 2943 1156 2997; x_wconf 73' lang='lat' dir='ltr'>acucbat.</span> <span class='ocrx_word' id='word_1_269' title='bbox 1182 2943 1275 2996; x_wconf 63' lang='lat' dir='ltr'>Achn-</span> 
     </span>
     <span class='ocr_line' id='line_1_31' title="bbox 103 3012 1276 3096; baseline 0.007 -22"><span class='ocrx_word' id='word_1_270' title='bbox 103 3023 246 3090; x_wconf 78' lang='lat' dir='ltr'>conttepts.</span> <span class='ocrx_word' id='word_1_271' title='bbox 263 3053 296 3062; x_wconf 95' lang='lat'>—</span> <span class='ocrx_word' id='word_1_272' title='bbox 310 3024 369 3076; x_wconf 80' lang='lat' dir='ltr'>sub</span> <span class='ocrx_word' id='word_1_273' title='bbox 387 3024 508 3092; x_wconf 81' lang='lat' dir='ltr'>specie,</span> <span class='ocrx_word' id='word_1_274' title='bbox 528 3038 551 3077; x_wconf 88' lang='lat' dir='ltr'>c.</span> <span class='ocrx_word' id='word_1_275' title='bbox 571 3024 663 3092; x_wconf 75' lang='lat' dir='ltr'>genet.</span> <span class='ocrx_word' id='word_1_276' title='bbox 716 3012 774 3069; x_wconf 67' lang='lat' dir='ltr'>lissh</span> <span class='ocrx_word' id='word_1_277' title='bbox 784 3012 843 3067; x_wconf 69' lang='lat' dir='ltr'><strong>Liv-</strong></span> <span class='ocrx_word' id='word_1_278' title='bbox 852 3017 927 3096; x_wconf 71' lang='lat'><strong>5·4{3·</strong></span> <span class='ocrx_word' id='word_1_279' title='bbox 937 3013 1061 3096; x_wconf 45' lang='lat' dir='ltr'>§famem</span> <span class='ocrx_word' id='word_1_280' title='bbox 1074 3029 1159 3096; x_wconf 51' lang='lat' dir='ltr'>“llam</span> <span class='ocrx_word' id='word_1_281' title='bbox 1171 3018 1276 3068; x_wconf 62' lang='grc'>77777777</span> 
     </span>
     <span class='ocr_line' id='line_1_32' title="bbox 103 3082 1276 3160; baseline 0.003 -25"><span class='ocrx_word' id='word_1_282' title='bbox 103 3093 664 3160; x_wconf 50' lang='lat' dir='ltr'>wie10‚6,213L1v,44,24.4.-r0.</span> <span class='ocrx_word' id='word_1_283' title='bbox 717 3085 793 3138; x_wconf 77' lang='lat' dir='ltr'>eieci</span> <span class='ocrx_word' id='word_1_284' title='bbox 810 3100 867 3138; x_wconf 77' lang='lat' dir='ltr'>aon</span> <span class='ocrx_word' id='word_1_285' title='bbox 884 3089 976 3138; x_wconf 72' lang='lat' dir='ltr'>senet.</span> <span class='ocrx_word' id='word_1_286' title='bbox 1009 3083 1043 3137; x_wconf 92' lang='lat' dir='ltr'>In</span> <span class='ocrx_word' id='word_1_287' title='bbox 1060 3084 1161 3138; x_wconf 85' lang='lat' dir='ltr'>berden</span> <span class='ocrx_word' id='word_1_288' title='bbox 1179 3082 1276 3139; x_wconf 71' lang='lat' dir='ltr'>Pallen</span> 
     </span>
     <span class='ocr_line' id='line_1_33' title="bbox 103 3153 1274 3232; baseline 0.003 -27"><span class='ocrx_word' id='word_1_289' title='bbox 103 3180 215 3232; x_wconf 53' lang='lat' dir='ltr'>ynam,</span> <span class='ocrx_word' id='word_1_290' title='bbox 233 3164 286 3218; x_wconf 75' lang='lat' dir='ltr'>wie</span> <span class='ocrx_word' id='word_1_291' title='bbox 304 3166 398 3229; x_wconf 58' lang='lat' dir='ltr'>hostes,</span> <span class='ocrx_word' id='word_1_292' title='bbox 416 3166 509 3220; x_wconf 73' lang='lat' dir='ltr'>wrbem</span> <span class='ocrx_word' id='word_1_293' title='bbox 526 3165 663 3220; x_wconf 66' lang='lat' dir='ltr'>invadere,</span> <span class='ocrx_word' id='word_1_294' title='bbox 717 3155 787 3225; x_wconf 64' lang='lat' dir='ltr'>llegt</span> <span class='ocrx_word' id='word_1_295' title='bbox 801 3154 862 3209; x_wconf 75' lang='lat' dir='ltr'>elne</span> <span class='ocrx_word' id='word_1_296' title='bbox 876 3153 899 3207; x_wconf 84' lang='lat' dir='ltr'><strong>P</strong></span> <span class='ocrx_word' id='word_1_297' title='bbox 901 3153 1111 3210; x_wconf 82' lang='lat' dir='ltr'>ersonifikation</span> <span class='ocrx_word' id='word_1_298' title='bbox 1125 3170 1183 3210; x_wconf 78' lang='lat' dir='ltr'>vor.</span> <span class='ocrx_word' id='word_1_299' title='bbox 1210 3155 1274 3224; x_wconf 75' lang='lat' dir='ltr'>Vgl.</span> 
     </span>
     <span class='ocr_line' id='line_1_34' title="bbox 104 3225 1276 3304; baseline 0.006 -18"><span class='ocrx_word' id='word_1_300' title='bbox 104 3234 158 3287; x_wconf 86' lang='lat' dir='ltr'>Ein</span> <span class='ocrx_word' id='word_1_301' title='bbox 181 3234 273 3304; x_wconf 88' lang='lat' dir='ltr'>jurist.</span> <span class='ocrx_word' id='word_1_302' title='bbox 301 3237 322 3290; x_wconf 86' lang='lat' dir='ltr'>t.</span> <span class='ocrx_word' id='word_1_303' title='bbox 347 3239 366 3290; x_wconf 88' lang='lat' dir='ltr'>t.</span> <span class='ocrx_word' id='word_1_304' title='bbox 396 3253 454 3290; x_wconf 82' lang='lat' dir='ltr'>war</span> <span class='ocrx_word' id='word_1_305' title='bbox 478 3237 607 3291; x_wconf 74' lang='lat' dir='ltr'>invadere</span> <span class='ocrx_word' id='word_1_306' title='bbox 633 3236 665 3289; x_wconf 78' lang='lat' dir='ltr'>in</span> <span class='ocrx_word' id='word_1_307' title='bbox 720 3225 792 3281; x_wconf 61' lang='lat' dir='ltr'>auch</span> <span class='ocrx_word' id='word_1_308' title='bbox 811 3226 883 3280; x_wconf 79' lang='lat' dir='ltr'>0b⁰11</span> <span class='ocrx_word' id='word_1_309' title='bbox 906 3231 930 3279; x_wconf 81' lang='grc'>8·</span> <span class='ocrx_word' id='word_1_310' title='bbox 951 3231 975 3279; x_wconf 85' lang='grc'>9·</span> <span class='ocrx_word' id='word_1_311' title='bbox 995 3230 1029 3278; x_wconf 77' lang='lat'>23</span> <span class='ocrx_word' id='word_1_312' title='bbox 1054 3229 1133 3278; x_wconf 62' lang='lat' dir='ltr'>Semel</span> <span class='ocrx_word' id='word_1_313' title='bbox 1156 3227 1276 3293; x_wconf 64' lang='lat' dir='ltr'>conspici</span> 
     </span>
    </p>
   </div>
   <div class='ocr_carea' id='block_1_6' title="bbox 105 3297 1275 3442">
    <p class='ocr_par' dir='ltr' id='par_1_6' title="bbox 105 3297 1275 3442">
     <span class='ocr_line' id='line_1_35' title="bbox 105 3297 884 3375; baseline 0 -18"><span class='ocrx_word' id='word_1_314' title='bbox 105 3305 177 3358; x_wconf 78' lang='lat' dir='ltr'>boec</span> <span class='ocrx_word' id='word_1_315' title='bbox 200 3306 327 3360; x_wconf 77' lang='lat' dir='ltr'>alicuius.</span> <span class='ocrx_word' id='word_1_316' title='bbox 350 3337 383 3346; x_wconf 89' lang='lat'>—</span> <span class='ocrx_word' id='word_1_317' title='bbox 406 3312 534 3375; x_wconf 72' lang='lat' dir='ltr'>repeat.</span> <span class='ocrx_word' id='word_1_318' title='bbox 572 3305 665 3360; x_wconf 90' lang='lat' dir='ltr'>Ueber</span> <span class='ocrx_word' id='word_1_319' title='bbox 714 3297 884 3366; x_wconf 69' lang='lat' dir='ltr'>patitur·-</span> 
     </span>
     <span class='ocr_line' id='line_1_36' title="bbox 105 3365 1275 3442; baseline -0.001 -23"><span class='ocrx_word' id='word_1_320' title='bbox 105 3375 159 3430; x_wconf 76' lang='lat' dir='ltr'>den</span> <span class='ocrx_word' id='word_1_321' title='bbox 178 3376 261 3431; x_wconf 66' lang='lat' dir='ltr'>indic,</span> <span class='ocrx_word' id='word_1_322' title='bbox 281 3395 301 3431; x_wconf 67' lang='lat' dir='ltr'>s,</span> <span class='ocrx_word' id='word_1_323' title='bbox 319 3376 391 3432; x_wconf 57' lang='grc' dir='ltr'>Εῇῃι,</span> <span class='ocrx_word' id='word_1_324' title='bbox 411 3382 426 3442; x_wconf 68' lang='lat'><strong>5</strong></span> <span class='ocrx_word' id='word_1_325' title='bbox 445 3383 479 3430; x_wconf 79' lang='lat'>32</span> <span class='ocrx_word' id='word_1_326' title='bbox 494 3394 523 3442; x_wconf 76' lang='lat'>03</span> <span class='ocrx_word' id='word_1_327' title='bbox 540 3393 616 3431; x_wconf 61' lang='lat' dir='ltr'>mm</span> <span class='ocrx_word' id='word_1_328' title='bbox 629 3401 663 3422; x_wconf 49' lang='grc' dir='ltr'>Ε</span> <span class='ocrx_word' id='word_1_329' title='bbox 754 3365 1275 3432; x_wconf 82' lang='lat' dir='ltr'>10.Et,adversativ=‘unddoeh’;</span> 
     </span>
    </p>
   </div>
   <div class='ocr_carea' id='block_1_7' title="bbox 103 3436 1277 3802">
    <p class='ocr_par' dir='ltr' id='par_1_7' title="bbox 103 3436 1277 3802">
     <span class='ocr_line' id='line_1_37' title="bbox 105 3436 1275 3520; baseline -0.004 -20"><span class='ocrx_word' id='word_1_330' title='bbox 105 3462 135 3500; x_wconf 85' lang='lat' dir='ltr'>eo</span> <span class='ocrx_word' id='word_1_331' title='bbox 152 3447 236 3515; x_wconf 80' lang='lat' dir='ltr'>(ipso)</span> <span class='ocrx_word' id='word_1_332' title='bbox 254 3453 370 3517; x_wconf 83' lang='lat' dir='ltr'>tempore</span> <span class='ocrx_word' id='word_1_333' title='bbox 387 3447 433 3502; x_wconf 75' lang='lat' dir='ltr'>fiir</span> <span class='ocrx_word' id='word_1_334' title='bbox 446 3453 513 3502; x_wconf 78' lang='lat' dir='ltr'>tuac</span> <span class='ocrx_word' id='word_1_335' title='bbox 527 3447 578 3502; x_wconf 86' lang='lat' dir='ltr'>hat</span> <span class='ocrx_word' id='word_1_336' title='bbox 591 3447 664 3501; x_wconf 84' lang='lat' dir='ltr'>auch</span> <span class='ocrx_word' id='word_1_337' title='bbox 718 3436 831 3492; x_wconf 55' lang='lat' dir='ltr'>thulich</span> <span class='ocrx_word' id='word_1_338' title='bbox 855 3453 888 3490; x_wconf 73' lang='lat' dir='ltr'>ac</span> <span class='ocrx_word' id='word_1_339' title='bbox 910 3442 935 3491; x_wconf 81' lang='lat'>6·</span> <span class='ocrx_word' id='word_1_340' title='bbox 959 3441 983 3490; x_wconf 77' lang='lat'>⁷·</span> <span class='ocrx_word' id='word_1_341' title='bbox 1003 3441 1050 3504; x_wconf 79' lang='lat'>213</span> <span class='ocrx_word' id='word_1_342' title='bbox 1074 3441 1099 3490; x_wconf 76' lang='lat' dir='ltr'>et</span> <span class='ocrx_word' id='word_1_343' title='bbox 1123 3441 1164 3519; x_wconf 55' lang='lat'>30.</span> <span class='ocrx_word' id='word_1_344' title='bbox 1189 3442 1213 3491; x_wconf 76' lang='grc'>7.</span> <span class='ocrx_word' id='word_1_345' title='bbox 1234 3443 1275 3520; x_wconf 59' lang='lat'>{3-</span> 
     </span>
     <span class='ocr_line' id='line_1_38' title="bbox 105 3506 1277 3586; baseline -0.004 -19"><span class='ocrx_word' id='word_1_346' title='bbox 105 3517 160 3570; x_wconf 75' lang='lat' dir='ltr'>Cic.</span> <span class='ocrx_word' id='word_1_347' title='bbox 187 3517 333 3573; x_wconf 67' lang='lat' dir='ltr'>mehrfach</span> <span class='ocrx_word' id='word_1_348' title='bbox 358 3519 390 3573; x_wconf 75' lang='lat' dir='ltr'>in</span> <span class='ocrx_word' id='word_1_349' title='bbox 417 3537 454 3573; x_wconf 51' lang='grc' dir='ltr'>οἳ,</span> <span class='ocrx_word' id='word_1_350' title='bbox 483 3517 605 3586; x_wconf 66' lang='lat' dir='ltr'>obliqua,</span> <span class='ocrx_word' id='word_1_351' title='bbox 629 3548 663 3558; x_wconf 87' lang='grc'>-</span> <span class='ocrx_word' id='word_1_352' title='bbox 690 3555 703 3582; x_wconf 65' lang='lat'>,</span> <span class='ocrx_word' id='word_1_353' title='bbox 717 3508 798 3563; x_wconf 88' lang='lat' dir='ltr'>Doeh</span> <span class='ocrx_word' id='word_1_354' title='bbox 811 3507 888 3563; x_wconf 85' lang='lat' dir='ltr'>kann</span> <span class='ocrx_word' id='word_1_355' title='bbox 900 3523 966 3560; x_wconf 83' lang='lat' dir='ltr'>man</span> <span class='ocrx_word' id='word_1_356' title='bbox 978 3508 1051 3562; x_wconf 84' lang='lat' dir='ltr'>auch</span> <span class='ocrx_word' id='word_1_357' title='bbox 1064 3506 1277 3578; x_wconf 79' lang='lat' dir='ltr'>fi&#39;ighchethrer</span> 
     </span>
     <span class='ocr_line' id='line_1_39' title="bbox 103 3578 1276 3661; baseline 0.005 -20"><span class='ocrx_word' id='word_1_358' title='bbox 103 3593 269 3657; x_wconf 80' lang='lat' dir='ltr'>puteraae</span> <span class='ocrx_word' id='word_1_359' title='bbox 301 3590 326 3642; x_wconf 92' lang='lat' dir='ltr'>d.</span> <span class='ocrx_word' id='word_1_360' title='bbox 354 3591 382 3643; x_wconf 95' lang='lat' dir='ltr'>h.</span> <span class='ocrx_word' id='word_1_361' title='bbox 410 3589 458 3644; x_wconf 88' lang='lat' dir='ltr'>des</span> <span class='ocrx_word' id='word_1_362' title='bbox 487 3590 587 3644; x_wconf 86' lang='lat' dir='ltr'>Vaters</span> <span class='ocrx_word' id='word_1_363' title='bbox 614 3605 665 3643; x_wconf 89' lang='lat' dir='ltr'>vor</span> <span class='ocrx_word' id='word_1_364' title='bbox 716 3580 757 3661; x_wconf 78' lang='lat' dir='ltr'>im</span> <span class='ocrx_word' id='word_1_365' title='bbox 780 3578 806 3634; x_wconf 75' lang='lat' dir='ltr'>S·</span> <span class='ocrx_word' id='word_1_366' title='bbox 830 3597 856 3633; x_wconf 82' lang='lat' dir='ltr'>V·</span> <span class='ocrx_word' id='word_1_367' title='bbox 880 3578 997 3646; x_wconf 80' lang='lat' dir='ltr'>‘auch‚</span> <span class='ocrx_word' id='word_1_368' title='bbox 1018 3578 1146 3634; x_wconf 67' lang='lat' dir='ltr'>fefsser&#39;</span> <span class='ocrx_word' id='word_1_369' title='bbox 1174 3580 1276 3647; x_wconf 63' lang='grc'>7888611,</span> 
     </span>
     <span class='ocr_line' id='line_1_40' title="bbox 106 3649 1276 3730; baseline -0.003 -18"><span class='ocrx_word' id='word_1_370' title='bbox 106 3659 473 3730; x_wconf 78' lang='lat' dir='ltr'>seinerThronbesteigung.</span> <span class='ocrx_word' id='word_1_371' title='bbox 492 3658 664 3729; x_wconf 81' lang='lat' dir='ltr'>DerGegen·</span> <span class='ocrx_word' id='word_1_372' title='bbox 717 3650 812 3704; x_wconf 69' lang='lat' dir='ltr'>mdem</span> <span class='ocrx_word' id='word_1_373' title='bbox 830 3667 896 3704; x_wconf 86' lang='lat' dir='ltr'>man</span> <span class='ocrx_word' id='word_1_374' title='bbox 916 3649 971 3704; x_wconf 90' lang='lat' dir='ltr'>den</span> <span class='ocrx_word' id='word_1_375' title='bbox 989 3649 1055 3730; x_wconf 53' lang='grc' dir='ltr'>ΒΨ</span> <span class='ocrx_word' id='word_1_376' title='bbox 1072 3666 1169 3705; x_wconf 62' lang='lat' dir='ltr'>ructus</span> <span class='ocrx_word' id='word_1_377' title='bbox 1188 3692 1193 3704; x_wconf 86' lang='lat'>.</span> <span class='ocrx_word' id='word_1_378' title='bbox 1215 3692 1220 3703; x_wconf 86' lang='lat'>.</span> <span class='ocrx_word' id='word_1_379' title='bbox 1239 3651 1276 3704; x_wconf 74' lang='lat' dir='ltr'>si·</span> 
     </span>
     <span class='ocr_line' id='line_1_41' title="bbox 105 3721 1277 3802; baseline -0.013 -13"><span class='ocrx_word' id='word_1_380' title='bbox 105 3732 165 3784; x_wconf 78' lang='lat' dir='ltr'>seta</span> <span class='ocrx_word' id='word_1_381' title='bbox 183 3731 220 3783; x_wconf 78' lang='lat' dir='ltr'>ist</span> <span class='ocrx_word' id='word_1_382' title='bbox 238 3731 318 3786; x_wconf 87' lang='lat' dir='ltr'>nicht</span> <span class='ocrx_word' id='word_1_383' title='bbox 335 3734 387 3802; x_wconf 81' lang='lat' dir='ltr'>gut</span> <span class='ocrx_word' id='word_1_384' title='bbox 404 3732 516 3801; x_wconf 80' lang='lat' dir='ltr'>gelasst.</span> <span class='ocrx_word' id='word_1_385' title='bbox 685 3770 687 3775; x_wconf 81' lang='lat'>.</span> <span class='ocrx_word' id='word_1_386' title='bbox 717 3721 799 3776; x_wconf 80' lang='lat' dir='ltr'>nebat</span> <span class='ocrx_word' id='word_1_387' title='bbox 820 3738 873 3775; x_wconf 89' lang='lat' dir='ltr'>nur</span> <span class='ocrx_word' id='word_1_388' title='bbox 896 3721 937 3775; x_wconf 88' lang='lat' dir='ltr'>als</span> <span class='ocrx_word' id='word_1_389' title='bbox 959 3721 1277 3791; x_wconf 75' lang='lat' dir='ltr'>Zwrschenbemerkung</span> 
     </span>
    </p>
   </div>
   <div class='ocr_carea' id='block_1_8' title="bbox 141 3790 1277 3880">
    <p class='ocr_par' dir='ltr' id='par_1_8' title="bbox 141 3790 1277 3880">
     <span class='ocr_line' id='line_1_42' title="bbox 141 3790 1277 3880; baseline -0.011 -23"><span class='ocrx_word' id='word_1_390' title='bbox 141 3811 663 3880; x_wconf 50' lang='lat' dir='ltr'>8,muztipz2·03m;v31,4,10,26</span> <span class='ocrx_word' id='word_1_391' title='bbox 718 3792 838 3846; x_wconf 86' lang='lat' dir='ltr'>ansieht.</span> <span class='ocrx_word' id='word_1_392' title='bbox 867 3823 899 3831; x_wconf 84' lang='lat'><em>-</em></span> <span class='ocrx_word' id='word_1_393' title='bbox 931 3791 1174 3859; x_wconf 71' lang='lat' dir='ltr'>difficultates.</span> <span class='ocrx_word' id='word_1_394' title='bbox 1220 3790 1277 3846; x_wconf 89' lang='lat' dir='ltr'>Der</span> 
     </span>
    </p>
   </div>
   <div class='ocr_carea' id='block_1_9' title="bbox 101 3861 1298 4448">
    <p class='ocr_par' dir='ltr' id='par_1_9' title="bbox 101 3861 1298 4448">
     <span class='ocr_line' id='line_1_43' title="bbox 104 3861 1244 3955; baseline -0.007 -20"><span class='ocrx_word' id='word_1_395' title='bbox 104 3883 248 3950; x_wconf 75' lang='lat' dir='ltr'>multiplex</span> <span class='ocrx_word' id='word_1_396' title='bbox 266 3883 428 3951; x_wconf 75' lang='lat' dir='ltr'>expectatio,</span> <span class='ocrx_word' id='word_1_397' title='bbox 447 3887 471 3938; x_wconf 85' lang='lat'>6.</span> <span class='ocrx_word' id='word_1_398' title='bbox 492 3888 516 3935; x_wconf 89' lang='lat'>1.</span> <span class='ocrx_word' id='word_1_399' title='bbox 535 3887 551 3936; x_wconf 83' lang='lat'>9</span> <span class='ocrx_word' id='word_1_400' title='bbox 570 3882 662 3936; x_wconf 81' lang='lat' dir='ltr'>multi·</span> <span class='ocrx_word' id='word_1_401' title='bbox 717 3862 740 3916; x_wconf 83' lang='grc' dir='ltr'>Ρ</span> <span class='ocrx_word' id='word_1_402' title='bbox 741 3861 885 3955; x_wconf 50' lang='grc' dir='ltr'>ῙΠΜῙἯῘΘ</span> <span class='ocrx_word' id='word_1_403' title='bbox 904 3869 927 3918; x_wconf 96' lang='grc'><strong>7</strong></span> <span class='ocrx_word' id='word_1_404' title='bbox 949 3868 990 3916; x_wconf 83' lang='lat' dir='ltr'>ll·</span> <span class='ocrx_word' id='word_1_405' title='bbox 1011 3870 1052 3955; x_wconf 74' lang='grc'>17·</span> <span class='ocrx_word' id='word_1_406' title='bbox 1094 3941 1100 3953; x_wconf 35' lang='lat'>⁸</span> <span class='ocrx_word' id='word_1_407' title='bbox 1141 3942 1146 3953; x_wconf 37' lang='grc' dir='ltr'>Ι</span> <span class='ocrx_word' id='word_1_408' title='bbox 1200 3941 1206 3952; x_wconf 88' lang='lat'>.</span> <span class='ocrx_word' id='word_1_409' title='bbox 1239 3940 1244 3953; x_wconf 94' lang='lat'>.</span> 
     </span>
     <span class='ocr_line' id='line_1_44' title="bbox 101 3941 1277 4024; baseline -0.012 -17"><span class='ocrx_word' id='word_1_410' title='bbox 101 3955 169 4021; x_wconf 79' lang='lat' dir='ltr'>plac</span> <span class='ocrx_word' id='word_1_411' title='bbox 186 3969 274 4008; x_wconf 79' lang='lat' dir='ltr'>casus.</span> <span class='ocrx_word' id='word_1_412' title='bbox 754 3949 796 3996; x_wconf 90' lang='grc'>11.</span> <span class='ocrx_word' id='word_1_413' title='bbox 811 3959 848 3996; x_wconf 76' lang='lat' dir='ltr'>cn</span> <span class='ocrx_word' id='word_1_414' title='bbox 860 3943 1052 4011; x_wconf 78' lang='lat' dir='ltr'>premordco</span> <span class='ocrx_word' id='word_1_415' title='bbox 1065 3957 1118 3996; x_wconf 82' lang='lat' dir='ltr'>wie</span> <span class='ocrx_word' id='word_1_416' title='bbox 1134 3957 1166 3995; x_wconf 82' lang='lat' dir='ltr'>m</span> <span class='ocrx_word' id='word_1_417' title='bbox 1184 3941 1277 4024; x_wconf 69' lang='lat' dir='ltr'>torneae</span> 
     </span>
     <span class='ocr_line' id='line_1_45' title="bbox 142 4015 1276 4093; baseline -0.004 -15"><span class='ocrx_word' id='word_1_418' title='bbox 142 4030 166 4080; x_wconf 84' lang='grc'>9.</span> <span class='ocrx_word' id='word_1_419' title='bbox 181 4023 368 4093; x_wconf 84' lang='lat' dir='ltr'>Relepatos.</span> <span class='ocrx_word' id='word_1_420' title='bbox 387 4023 481 4079; x_wconf 76' lang='lat' dir='ltr'>Mitte</span> <span class='ocrx_word' id='word_1_421' title='bbox 495 4023 665 4078; x_wconf 80' lang='lat' dir='ltr'>loccmauch</span> <span class='ocrx_word' id='word_1_422' title='bbox 719 4019 744 4069; x_wconf 78' lang='lat'>6·</span> <span class='ocrx_word' id='word_1_423' title='bbox 763 4019 787 4068; x_wconf 82' lang='lat'>3·</span> <span class='ocrx_word' id='word_1_424' title='bbox 808 4020 887 4068; x_wconf 76' lang='lat'><strong>1⁷11·</strong></span> <span class='ocrx_word' id='word_1_425' title='bbox 906 4015 994 4068; x_wconf 61' lang='lat' dir='ltr'>uultu</span> <span class='ocrx_word' id='word_1_426' title='bbox 1011 4018 1026 4078; x_wconf 70' lang='grc' dir='ltr'>δ</span> <span class='ocrx_word' id='word_1_427' title='bbox 1044 4018 1087 4066; x_wconf 74' lang='lat'>2⁶·</span> <span class='ocrx_word' id='word_1_428' title='bbox 1107 4043 1140 4051; x_wconf 92' lang='lat'>··</span> <span class='ocrx_word' id='word_1_429' title='bbox 1160 4028 1276 4093; x_wconf 62' lang='lat' dir='ltr'>cmx}-</span> 
     </span>
     <span class='ocr_line' id='line_1_46' title="bbox 106 4083 1277 4164; baseline -0.009 -18"><span class='ocrx_word' id='word_1_430' title='bbox 106 4101 130 4149; x_wconf 80' lang='lat'>5.</span> <span class='ocrx_word' id='word_1_431' title='bbox 156 4101 180 4149; x_wconf 78' lang='lat'>5.</span> <span class='ocrx_word' id='word_1_432' title='bbox 206 4101 247 4150; x_wconf 82' lang='lat'>14.</span> <span class='ocrx_word' id='word_1_433' title='bbox 289 4095 352 4164; x_wconf 77' lang='lat' dir='ltr'>Vgl¹</span> <span class='ocrx_word' id='word_1_434' title='bbox 379 4101 453 4150; x_wconf 71' lang='lat' dir='ltr'>ema</span> <span class='ocrx_word' id='word_1_435' title='bbox 475 4100 554 4149; x_wconf 69' lang='lat' dir='ltr'>extra</span> <span class='ocrx_word' id='word_1_436' title='bbox 576 4094 666 4149; x_wconf 71' lang='lat' dir='ltr'>orbem</span> <span class='ocrx_word' id='word_1_437' title='bbox 718 4101 800 4140; x_wconf 80' lang='lat' dir='ltr'>mum</span> <span class='ocrx_word' id='word_1_438' title='bbox 826 4100 987 4155; x_wconf 78' lang='lat' dir='ltr'>quemque.</span> <span class='ocrx_word' id='word_1_439' title='bbox 1032 4083 1211 4138; x_wconf 78' lang='lat' dir='ltr'>Uebersetae:</span> <span class='ocrx_word' id='word_1_440' title='bbox 1243 4100 1277 4136; x_wconf 92' lang='lat' dir='ltr'>1n</span> 
     </span>
     <span class='ocr_line' id='line_1_47' title="bbox 105 4153 1065 4236; baseline -0.006 -16"><span class='ocrx_word' id='word_1_441' title='bbox 105 4185 124 4220; x_wconf 86' lang='lat' dir='ltr'>a</span> <span class='ocrx_word' id='word_1_442' title='bbox 151 4171 255 4220; x_wconf 79' lang='lat' dir='ltr'>actura</span> <span class='ocrx_word' id='word_1_443' title='bbox 282 4167 414 4236; x_wconf 78' lang='lat' dir='ltr'>releputc,</span> <span class='ocrx_word' id='word_1_444' title='bbox 441 4165 513 4220; x_wconf 91' lang='lat' dir='ltr'>Plin.</span> <span class='ocrx_word' id='word_1_445' title='bbox 536 4182 563 4219; x_wconf 90' lang='lat' dir='ltr'>n.</span> <span class='ocrx_word' id='word_1_446' title='bbox 587 4165 614 4219; x_wconf 92' lang='lat' dir='ltr'>h.</span> <span class='ocrx_word' id='word_1_447' title='bbox 639 4170 663 4222; x_wconf 81' lang='lat' dir='ltr'>t.</span> <span class='ocrx_word' id='word_1_448' title='bbox 718 4153 945 4226; x_wconf 64' lang='lat' dir='ltr'>mbglichster</span> <span class='ocrx_word' id='word_1_449' title='bbox 963 4154 1065 4210; x_wconf 62' lang='lat' dir='ltr'>Nflshe·</span> 
     </span>
     <span class='ocr_line' id='line_1_48' title="bbox 106 4232 1278 4304; baseline -0.003 -14"><span class='ocrx_word' id='word_1_450' title='bbox 106 4242 149 4290; x_wconf 83' lang='lat'>89.</span> <span class='ocrx_word' id='word_1_451' title='bbox 167 4267 201 4276; x_wconf 88' lang='lat'>-</span> <span class='ocrx_word' id='word_1_452' title='bbox 220 4252 335 4291; x_wconf 79' lang='lat' dir='ltr'>eruere</span> <span class='ocrx_word' id='word_1_453' title='bbox 353 4236 477 4291; x_wconf 74' lang='lat' dir='ltr'>ntmlioh</span> <span class='ocrx_word' id='word_1_454' title='bbox 494 4253 528 4291; x_wconf 78' lang='lat' dir='ltr'>ecc</span> <span class='ocrx_word' id='word_1_455' title='bbox 546 4236 666 4302; x_wconf 80' lang='lat' dir='ltr'>latebris,</span> <span class='ocrx_word' id='word_1_456' title='bbox 755 4241 798 4290; x_wconf 79' lang='lat'>12.</span> <span class='ocrx_word' id='word_1_457' title='bbox 807 4251 896 4304; x_wconf 83' lang='lat' dir='ltr'>erpo,</span> <span class='ocrx_word' id='word_1_458' title='bbox 908 4234 1050 4289; x_wconf 80' lang='lat' dir='ltr'>nattirlicb</span> <span class='ocrx_word' id='word_1_459' title='bbox 1059 4232 1139 4288; x_wconf 86' lang='lat' dir='ltr'>nicht</span> <span class='ocrx_word' id='word_1_460' title='bbox 1147 4232 1278 4303; x_wconf 82' lang='lat' dir='ltr'>folgernd</span> 
     </span>
     <span class='ocr_line' id='line_1_49' title="bbox 105 4303 1275 4377; baseline -0.002 -16"><span class='ocrx_word' id='word_1_461' title='bbox 105 4307 162 4377; x_wconf 77' lang='lat' dir='ltr'>vgl.</span> <span class='ocrx_word' id='word_1_462' title='bbox 187 4314 211 4364; x_wconf 85' lang='lat'>3.</span> <span class='ocrx_word' id='word_1_463' title='bbox 231 4314 261 4373; x_wconf 76' lang='lat'>83</span> <span class='ocrx_word' id='word_1_464' title='bbox 284 4313 309 4362; x_wconf 78' lang='grc'>4.</span> <span class='ocrx_word' id='word_1_465' title='bbox 334 4313 376 4363; x_wconf 84' lang='grc'>14.</span> <span class='ocrx_word' id='word_1_466' title='bbox 395 4313 421 4363; x_wconf 84' lang='lat'>4.</span> <span class='ocrx_word' id='word_1_467' title='bbox 440 4337 474 4348; x_wconf 93' lang='lat'><em>-</em></span> <span class='ocrx_word' id='word_1_468' title='bbox 492 4321 612 4362; x_wconf 77' lang='lat' dir='ltr'>rursus</span> <span class='ocrx_word' id='word_1_469' title='bbox 630 4331 664 4352; x_wconf 87' lang='lat'>===</span> <span class='ocrx_word' id='word_1_470' title='bbox 720 4303 1275 4375; x_wconf 65' lang='lat' dir='ltr'>sondemdieganzeErtrterun358—11</span> 
     </span>
     <span class='ocr_line' id='line_1_50' title="bbox 106 4375 1298 4448; baseline 0.001 -15"><span class='ocrx_word' id='word_1_471' title='bbox 106 4379 326 4434; x_wconf 83' lang='lat' dir='ltr'>andrerseits.</span> <span class='ocrx_word' id='word_1_472' title='bbox 364 4378 401 4435; x_wconf 83' lang='lat' dir='ltr'>So</span> <span class='ocrx_word' id='word_1_473' title='bbox 420 4378 516 4448; x_wconf 77' lang='lat' dir='ltr'>htuflg</span> <span class='ocrx_word' id='word_1_474' title='bbox 534 4376 667 4434; x_wconf 80' lang='lat' dir='ltr'>euchbei</span> <span class='ocrx_word' id='word_1_475' title='bbox 720 4375 909 4444; x_wconf 74' lang='lat' dir='ltr'>abbreebend,</span> <span class='ocrx_word' id='word_1_476' title='bbox 923 4401 958 4422; x_wconf 87' lang='lat'>==</span> <span class='ocrx_word' id='word_1_477' title='bbox 973 4391 1099 4446; x_wconf 55' lang='lat' dir='ltr'>genus„</span> <span class='ocrx_word' id='word_1_478' title='bbox 1125 4375 1171 4428; x_wconf 55' lang='lat' dir='ltr'>bu</span> <span class='ocrx_word' id='word_1_479' title='bbox 1180 4378 1298 4434; x_wconf 51' lang='lat' dir='ltr'>pfl-2⁸2</span> 
     </span>
    </p>
   </div>
   <div class='ocr_carea' id='block_1_10' title="bbox 0 0 1401 4792">
    <p class='ocr_par' dir='ltr' id='par_1_10' title="bbox 0 0 1401 4792">
     <span class='ocr_line' id='line_1_51' title="bbox 0 0 1401 4792; baseline 0 0"><span class='ocrx_word' id='word_1_480' title='bbox 0 0 1401 4792; x_wconf 95' lang='lat' dir='ltr'> </span> 
     </span>
    </p>
   </div>
  </div>
 </body>
</html>
