2790 4792
359 217 614 275 HISTORIARUM
631 217 848 274 ALEXANDRI
866 218 941 288 VIII,
961 227 985 277 4.
1193 220 1256 283 121

82 378 204 463 passim
228 401 359 444 acervos
383 384 551 465 struesque
572 380 795 446 accenderunt.
828 378 1015 446 Continenti
1038 382 1186 447 incendio
1211 406 1258 448 ar·
1280 403 1311 450 14

83 469 158 533 dere
182 468 326 532 crederes
351 470 473 534 saltum
497 474 530 534 et
551 471 607 534 vix
629 470 715 534 inter
739 470 888 534 flammas
908 470 1092 555 agminibus
1111 472 1259 537 relictum

81 558 198 622 locum.
244 557 308 621 Hic
338 558 426 622 calor
457 559 622 641 stupentia
653 559 800 623 membra
831 558 1007 623 commovit
1038 560 1259 645 paulatimque

82 645 227 729 spiritus,
247 667 342 729 quem
362 646 567 712 continuerat
585 647 683 732 rigor,
701 668 810 711 meare
830 647 932 711 libere
951 647 1066 730 coepit.
1095 647 1259 732 Excepere
1279 668 1312 717 13

83 734 167 799 alios
189 737 277 799 tecta
299 734 527 818 barbarorum,
549 758 632 820 quae
654 737 689 800 in
712 736 828 800 ultimo
847 736 934 800 saltu
953 736 1065 800 abdita
1083 738 1260 802 necessitas

81 823 350 908 investigaverat:
379 823 462 889 alios
486 828 607 907 castra,
630 846 713 909 quae
735 825 772 888 in
793 824 926 889 humido
951 824 1093 909 quidem,
1116 825 1172 889 sed
1195 826 1260 890 iam

83 912 163 976 caeli
186 912 376 976 mitescente
400 912 536 977 saevitia
559 913 755 978 locaverunt.
792 911 866 978 Duo
887 913 979 977 milia
998 914 1138 978 militum
1162 917 1260 998 atque

82 1001 221 1064 lixarum
256 1001 468 1085 calonumque
500 1001 603 1085 pestis
635 1002 694 1065 illa
724 1002 933 1085 consumpsit.
982 1001 1157 1066 Memoriae
1187 1024 1259 1087 pro·
1280 1021 1313 1069 14

83 1089 186 1153 ditum
210 1093 274 1173 est,
302 1089 460 1174 quosdam
484 1089 663 1173 adplicatos
687 1090 841 1154 arborum
864 1089 986 1154 truncis
1010 1094 1044 1154 et
1066 1113 1133 1155 non
1156 1092 1261 1156 solum

82 1178 282 1260 viventibus,
321 1177 375 1242 sed
409 1178 508 1242 etiam
544 1179 629 1243 inter
661 1198 695 1242 se
728 1178 998 1263 conloquentibus
1035 1179 1157 1244 similes
1190 1201 1260 1244 esse

83 1270 275 1349 conspectos
304 1266 438 1331 durante
469 1266 573 1332 adhuc
601 1267 731 1352 habitu,
758 1267 794 1353 in
821 1289 885 1351 quo
909 1289 996 1331 mors
1026 1289 1184 1352 quemque
1207 1267 1259 1332 de·

82 1354 306 1438 prehenderat.
338 1354 436 1419 Forte
450 1355 584 1421 Macedo
601 1356 771 1441 gregarius
790 1356 885 1421 miles
901 1377 990 1440 capre
1008 1378 1103 1440 seque
1118 1361 1151 1421 et
1170 1378 1261 1421 arma
1280 1374 1313 1424 15

83 1446 284 1527 sustentans,
312 1446 423 1508 tamen
449 1445 484 1508 in
507 1447 615 1509 castra
636 1446 840 1528 pervenerat:
866 1466 930 1529 quo
953 1445 1026 1510 viso
1049 1466 1119 1528 rex,
1149 1466 1260 1529 quam·

83 1555 182 1616 quam
205 1533 273 1617 ipse
296 1536 366 1597 tum
388 1533 529 1599 maxime
549 1534 681 1599 admoto
703 1533 781 1619 igne
799 1533 969 1598 refovebat
987 1536 1092 1618 artus,
1115 1555 1154 1598 ex
1178 1535 1260 1599 sella

83 1644 144 1686 sua
175 1623 291 1687 exiluit
322 1626 571 1708 torpentemque
603 1622 743 1687 militem
776 1624 809 1686 et
839 1621 894 1685 vix
926 1626 1109 1705 compotem
1141 1624 1260 1688 mentis

82 1711 223 1794 demptis
247 1711 346 1776 armis
369 1711 406 1776 in
429 1734 487 1777 sua
511 1712 585 1777 sede
608 1711 706 1776 iussit
728 1710 902 1776 considere.
945 1709 1006 1774 Ille
1029 1709 1084 1774 diu
1106 1732 1179 1794 nec,
1202 1712 1312 1779 ubire

82 1799 312 1885 requiesceret,
343 1822 417 1885 nec,
451 1824 470 1866 a
497 1823 560 1886 quo
589 1804 675 1866 esset
706 1802 871 1885 exceptus,
904 1798 1068 1882 adgnovit
1118 1799 1262 1864 Tandem
1281 1819 1313 1866 1⁷

83 1892 213 1972 recepto
234 1890 339 1953 calore
356 1890 465 1974 vitali,
484 1893 521 1956 ut
543 1892 668 1976 regiam
687 1892 794 1958 sedem
812 1907 986 1976 regemque
1009 1889 1104 1975 vidit,
1127 1891 1260 1957 territus

84 1978 199 2063 surgit.
250 1977 352 2055 Quem
380 1979 509 2045 intuens
538 1979 733 2065 Alexander,
768 1979 905 2065 ‘Ecquid
934 1980 1115 2065 intellegis,
1146 1979 1260 2065 miles',

82 2068 203 2152 inquit,
235 2067 369 2154 ‘quanto
398 2069 532 2135 meliore
556 2073 642 2136 sorte
671 2092 769 2156 quam
792 2069 910 2135 Persae
938 2069 997 2134 sub
1020 2089 1097 2155 rege
1119 2069 1261 2134 vivatis?

83 2156 156 2221 Illis
185 2158 271 2222 enim
299 2158 333 2223 in
362 2159 442 2224 sella
469 2160 555 2244 regis
584 2158 766 2225 consedisse
794 2159 914 2242 capital
943 2156 1041 2241 foret,
1073 2157 1136 2222 tibi
1163 2157 1271 2222 saluti,

82 2243 168 2310 fuit’
205 2246 341 2312 Postero
365 2246 417 2312 die
436 2249 622 2314 convocatis
646 2248 758 2313 amicis
777 2248 1006 2332 copiarumque
1030 2245 1164 2311 ducibus
1187 2268 1260 2330 pro·
1282 2262 1314 2311 16

82 2333 230 2398 nuntiari
252 2334 364 2417 iussit,
386 2337 494 2419 ipsum
518 2337 640 2421 omnia,
663 2358 745 2420 quae
767 2334 888 2402 amissa
907 2338 1030 2418 essent,
1052 2333 1261 2398 redditurum.

83 2422 130 2487 Et
156 2422 317 2506 promisso
345 2423 424 2489 fides
454 2426 589 2490 exstitit
637 2423 725 2490 Nam
753 2422 955 2490 Sisimithres
986 2423 1091 2488 multa
1117 2423 1262 2487 iumenta
1281 2440 1314 2489 19

83 2632 141 2671 von
163 2614 297 2670 Brunca.
338 2616 403 2686 Vgl.
426 2623 543 2672 waere
570 2619 646 2684 cites,
699 2615 820 2670 humidis
851 2614 899 2670 bei
926 2613 1040 2670 Tacitus
1070 2614 1128 2668 und
1154 2614 1261 2668 Plinius

83 2688 193 2742 maram
211 2686 258 2740 bei
277 2685 439 2743 Columella.
700 2686 727 2742 d.
747 2690 772 2741 6.

123 2762 165 2812 12.
184 2760 375 2825 stuperatem
396 2763 503 2828 strepere
520 2757 646 2813 bezeich·
739 2762 781 2813 14.
805 2758 963 2823 durante,
988 2757 1045 2826 vgl.
1071 2762 1112 2811 10.
1136 2763 1161 2813 6.
1185 2763 1201 2813 3
1230 2760 1262 2814 ira

82 2828 647 2899 netnichtdesvolligestan-‚Steil-
701 2829 791 2885 eodem
816 2828 916 2883 babitu
942 2828 1064 2896 corporis
1094 2829 1208 2883 derrasse
1234 2848 1261 2882 u.

84 2900 160 2954 sein
192 2903 334 2968 (torpere),
366 2900 486 2955 condem
517 2918 570 2955 nur
602 2900 648 2954 die
702 2898 748 2954 die
763 2899 837 2954 Note
855 2917 889 2954 zu
903 2905 928 2953 3.
943 2905 968 2954 4.
984 2904 1026 2953 10.
1054 2897 1107 2953 Die
1122 2898 1262 2953 Classilxer

84 2969 412 3039 Unheweglichkeit
446 2972 495 3026 der
526 2971 648 3041 Glieder,
701 2971 845 3026 brauchen
867 2969 950 3025 dafdr
971 2985 1094 3037 meree,
1118 2970 1167 3024 das
1190 2969 1262 3023 auch

84 3040 237 3111 gleichviel
251 3041 339 3096 durch
353 3042 458 3098 welche
467 3042 591 3097 Ursaehe
606 3042 646 3097 sie
701 3041 776 3099 (tart.
797 3044 829 3107 (z.
848 3040 880 3096 B.
901 3046 925 3096 5.
945 3047 970 3095 4.
991 3044 1036 3110 14)
1054 3040 1084 3095 in
1104 3057 1175 3110 ganz
1193 3039 1262 3110 glei-

83 3109 304 3181 hervorgerufen
328 3113 435 3181 warde,
464 3113 551 3168 daher
573 3112 647 3167 auch
701 3113 783 3168 chem
802 3112 888 3166 Sinna
905 3112 1074 3167 verwendet.

85 3183 137 3238 der
155 3180 312 3252 Gegensate
330 3184 476 3239 mmmocit.
508 3184 572 3254 Vgl.
590 3181 646 3237 Cic.
738 3188 779 3237 15.
799 3198 894 3252 aeque
914 3187 944 3237 et
966 3198 1065 3238 orme.
1104 3179 1196 3235 Ueher
1213 3197 1262 3248 que

84 3254 165 3308 Verr.
180 3258 205 3307 6.
220 3259 254 3307 95
274 3270 335 3308 cere
352 3255 397 3308 bic
414 3255 554 3309 etiamtum
570 3255 647 3308 eert-
701 3258 726 3308 et
744 3271 764 3307 s.
779 3252 853 3309 Einl.
868 3256 884 3318 9
898 3258 933 3307 46
947 3268 972 3309 e.
987 3282 1022 3292 -
1040 3257 1106 3306 turre
1123 3251 1263 3305 maxime

84 3340 197 3379 emnam
227 3328 361 3393 stuperet;
390 3322 461 3378 Plin.
489 3343 516 3378 n.
546 3324 575 3378 b.
605 3330 647 3378 14.
702 3349 736 3370 =
758 3319 822 3376 eder
846 3320 965 3392 μάλιστα
990 3340 1011 3378 s.
1036 3321 1163 3376 abendas.
1189 3325 1204 3386 5
1228 3327 1261 3375 22

85 3401 139 3450 132
158 3396 253 3449 ciuem
272 3395 310 3449 ed
326 3396 417 3464 [τέρπε
432 3399 522 3463 strepet
538 3399 648 3449 taretros
701 3394 785 3448 anter
807 3409 869 3448 cam
892 3393 1016 3448 manime.
1041 3422 1075 3432 -
1097 3392 1154 3446 circ
1182 3407 1263 3446 ccm-

86 3468 133 3534 (=
158 3464 229 3520 vird
257 3464 336 3533 dick,
364 3464 482 3534 (legens.
509 3465 647 3534 pdareit);
698 3468 807 3533 potem
833 3464 966 3530 meretis,
993 3463 1076 3517 halb
1098 3461 1263 3519 bewusst·

85 3537 168 3592 Mart.
198 3541 222 3593 9.
248 3542 291 3590 10.
314 3543 331 3591 6
358 3536 455 3604 (fonti)
475 3536 574 3605 pigro,
603 3536 649 3590 cci
701 3535 769 3602 los,
787 3553 808 3589 s.
827 3540 852 3588 6.
873 3539 898 3588 6.
917 3538 944 3589 4.

84 3612 176 3676 strqret
189 3608 268 3662 crede
286 3608 356 3661 laec.
384 3607 438 3661 Mit
454 3612 574 3677 torpesco
587 3621 648 3660 ver·
739 3610 780 3659 1‘1.
809 3605 941 3675 ecquid,
973 3603 1090 3672 griechz
1123 3595 1166 3674 ἄρ’
1200 3596 1262 3672 οὖν,

86 3678 201 3732 bunden
218 3678 306 3732 findet
324 3677 385 3733 sich
402 3683 495 3747 stupeo
512 3677 559 3732 bei
576 3675 647 3731 Plin.
701 3666 758 3746 ἆρά
777 3693 825 3744 req.
845 3706 879 3715 -
898 3675 1028 3744 capital
1045 3674 1141 3742 foret.
1173 3675 1263 3730 Ziem-

87 3767 116 3802 n.
140 3748 168 3802 h.
197 3753 239 3802 47.
268 3755 284 3802 6
312 3754 468 3818 torpesceret
494 3749 650 3818 scorpiones
701 3746 760 3800 lich
783 3745 927 3801 diesdben
944 3745 1043 3801 Worte
1068 3744 1212 3800 brauchen
1234 3744 1264 3800 in

86 3824 248 3887 asperque
266 3820 407 3888 pallentes.
427 3850 461 3859 -
479 3836 587 3875 meare
607 3819 648 3873 li·
703 3817 752 3872 der
765 3815 927 3886 Errahlung
940 3815 1086 3871 dereelben
1095 3813 1264 3871 Gescbichtc

87 3891 168 3944 here.
197 3890 396 3945 Ebensooben
412 3896 436 3947 3.
452 3896 521 3959 5113
540 3889 649 3960 Gegen-
702 3887 766 3943 Val.
789 3887 863 3945 Max.
892 3893 917 3942 6.
942 3894 956 3942 1
984 3892 1038 3942 act.
1069 3893 1091 3941 1.
1119 3904 1146 3940 u.
1169 3887 1264 3942 Front

87 3962 149 4015 sate
167 3965 226 4014 crte
243 3977 332 4016 meere
350 3961 480 4016 ebendea.
499 3968 523 4017 6.
546 3967 587 4015 14.
703 3960 783 4014 strat.
801 3963 827 4014 4.
848 3965 872 4014 6.
893 3964 917 4014 6.

126 4036 167 4086 16.
182 4033 380 4098 necessitas,
396 4031 583 4102 personificirt
596 4030 650 4086 wie
741 4035 782 4085 18.
808 4030 945 4084 asstitit
970 4029 1072 4097 fider,
1098 4027 1263 4098 eigentlich:

87 4101 186 4172 hauhg
208 4101 390 4157 Substantive
414 4103 506 4157 dieser
527 4101 651 4172 Bildung
706 4100 795 4156 ‘ward
813 4099 998 4171 Ertdllung
1020 4116 1054 4154 au
1071 4098 1175 4153 Theil'.
1211 4098 1264 4153 Die

88 4174 250 4242 (crudelitas
273 4178 427 4237 3.11.aa;
450 4174 604 4242 conquetas
625 4178 649 4227 ’1.
703 4171 836 4226 flblichen
861 4170 986 4226 Phrasen
1017 4170 1092 4225 sind:
1123 4170 1265 4238 proratoris

88 4251 114 4298 3.
134 4249 180 4309 223
207 4244 345 4298 temeritas
363 4248 387 4298 8.
408 4249 450 4299 13.
471 4249 517 4310 153
540 4244 651 4298 canitae
706 4242 818 4310 (corbis)
836 4242 904 4310 fides
921 4242 1049 4309 additur,
1072 4241 1177 4295 eeccdd
1193 4241 1263 4295 und:

89 4321 114 4369 6.
134 4319 159 4367 2.
181 4319 234 4381 17).
254 4343 288 4353 -
306 4315 343 4368 r'rr
360 4315 501 4369 bremide.
538 4313 650 4369 Ebenso
700 4312 1277 4382 prunieea(dicta,cerch(tdeseeqa'aum.

90 4384 310 4441 substantivisoh
328 4385 440 4440 barride
452 4385 601 4454 ramam,
618 4385 651 4442 r'a
743 4389 787 4441 16.
808 4383 1046 4449 Sisimithres,
1060 4397 1089 4436 s.
1101 4387 1137 4432 ⁵4.
1149 4385 1206 4431 uu.
1230 4376 1297 4424 ‘m-
