2790 4792
117 210 179 276 136
566 211 598 278 Q.
618 209 729 266 (lllll'l'l
747 210 833 266 RUFI

80 396 251 443 ovacrum
282 378 339 441 est.
387 372 563 438 Hermolao
595 373 830 457 parricidarum
859 372 1018 458 supplicia
1048 394 1114 437 non
1144 373 1289 457 probari,

117 485 189 529 aum
221 463 332 528 eadem
364 462 434 546 ipse
465 464 632 545 meruerit,
669 463 801 527 minime
833 462 962 527 hercule
996 462 1146 527 admiror.
1199 460 1290 527 Nam

116 574 189 617 cum
220 551 468 617 Parmenionem
500 555 533 616 et
564 550 729 617 Philotam
761 551 888 635 laudat,
920 572 996 615 suae
1028 551 1129 616 servit
1160 572 1289 615 causae.

80 662 96 710 c
115 640 309 725 Lyncestem
327 661 403 704 vero
417 639 636 704 Alexandrum
655 640 706 705 bis
725 640 913 704 insidiatum
932 639 1033 723 capiti
1050 661 1122 704 meo
1141 639 1289 722 liberavi,

36 785 38 789 ,
114 753 225 795 rursus
255 732 288 810 [a
314 729 438 794 duobus
468 728 641 809 indicibus]
671 729 855 794 convictum
884 749 943 812 per
969 729 1145 794 triennium
1176 731 1290 792 tamen

115 818 240 902 distuli,
272 818 374 882 donec
405 839 463 882 vos
495 817 722 901 postularetis,
753 821 791 882 ut
821 816 953 881 tandem
985 817 1093 882 debito
1126 817 1289 900 supplicio

81 908 220 978 escelus
252 907 365 972 lueret
416 905 578 990 Attalum,
611 910 785 990 antequam
817 928 874 971 rex
907 927 1024 990 essem,
1054 905 1183 971 hostem
1214 927 1289 970 meo

115 996 214 1080 capiti
235 995 334 1060 fuisse
357 995 560 1060 meministis.
601 992 705 1060 clitus
728 995 855 1060 utinam
876 1017 943 1060 non
965 994 1125 1078 coegisset
1147 1016 1200 1058 me
1225 995 1290 1059 sibi

115 1086 224 1150 irasci!
248 1085 337 1149 cuius
356 1084 563 1148 temerariam
586 1083 733 1170 linguam
751 1083 871 1167 probra
889 1083 1024 1148 dicentis
1042 1083 1122 1147 mihi
1141 1087 1175 1148 et
1193 1083 1290 1148 vobis

80 1172 237 1245 adiutius
266 1173 342 1257 tuli,
370 1194 467 1256 quam
493 1173 549 1237 ille
573 1172 686 1236 eadem
709 1193 760 1236 me
788 1172 948 1237 dicentem
976 1172 1114 1236 tulisset.
1158 1171 1290 1258 Regum

115 1261 293 1346 ducumque
325 1261 497 1327 clementia
527 1282 594 1327 non
629 1262 664 1324 in
700 1261 846 1344 ipsorum
879 1260 988 1345 modo,
1025 1261 1080 1325 sed
1117 1262 1218 1326 etiam
1255 1261 1291 1325 in

114 1351 261 1434 illorum,
289 1351 345 1435 qui
373 1353 500 1433 parent,
528 1350 668 1433 ingeniis
696 1349 761 1414 sita
788 1352 847 1415 est.
897 1348 1060 1433 Obsequio
1092 1349 1291 1433 mitigantur

115 1439 265 1523 imperia:
293 1438 349 1502 ubi
376 1460 451 1503 vero
479 1438 661 1503 reverentia
688 1440 825 1504 excessit
853 1439 968 1504 animis
999 1440 1039 1502 et'
1058 1460 1185 1503 summa
1213 1438 1290 1503 imis

81 1550 96 1598 9
116 1527 269 1593 confundi
290 1527 450 1611 videmus,
472 1527 506 1591 vi
529 1548 610 1610 opus
633 1531 697 1611 est,
724 1530 762 1591 ut
783 1527 850 1592 vim
872 1528 1076 1610 repellamus.
1122 1524 1185 1592 Sed
1211 1525 1335 1611 quidll

116 1637 176 1702 ego
207 1615 306 1681 mirer
333 1616 433 1680 istum
461 1616 685 1681 crudelitatem
715 1615 798 1680 mihi
825 1616 997 1700 obiecisse,
1029 1617 1084 1701 qui
1114 1616 1291 1681 avaritiam

116 1705 311 1789 exprobrare
330 1727 427 1770 ausus
446 1704 512 1770 sit?
552 1703 640 1770 Nolo
664 1704 809 1790 singulos
829 1708 975 1770 vestrum
998 1704 1152 1789 excitare,
1176 1726 1219 1769 ne
1242 1705 1290 1768 in-

116 1794 219 1859 visam
235 1794 317 1858 mihi
335 1793 567 1859 liberalitatem
581 1815 686 1858 meam
706 1794 834 1877 faciam,
853 1795 881 1859 si
898 1792 1015 1878 pudori
1027 1799 1135 1859 vestro
1156 1813 1291 1877 gravem

115 1882 229 1948 fecero.
256 1883 373 1948 'lotum
393 1882 567 1948 exercitum
587 1883 756 1967 adspicite:
776 1882 832 1967 qui
849 1883 948 1967 paulo
962 1886 1038 1948 ante
1056 1882 1139 1946 nihil
1157 1887 1291 1965 praeter

116 1994 208 2037 arma
229 1971 385 2057 habebat,
413 1993 498 2036 nunc
521 1971 682 2056 argenteis
706 1972 804 2036 cubat
826 1973 932 2036 lectis:
958 1993 1085 2037 mensas
1109 1993 1188 2035 auro
1214 1992 1290 2036 one

116 2065 206 2145 rant,
236 2082 399 2125 servorum
428 2080 543 2144 greges
572 2060 705 2144 ducunt,
738 2060 843 2144 spolia
875 2060 924 2124 da
945 2061 1094 2126 hostibus
1127 2059 1289 2124 sustinere

64 2171 97 2220 10
115 2171 182 2214 non
199 2152 343 2232 possunt.
379 2148 426 2214 At
445 2148 531 2212 enim
548 2147 680 2234 Persae,
703 2171 784 2233 quos
803 2149 951 2233 vicimus,
974 2149 1009 2212 in
1027 2170 1146 2234 magno
1164 2148 1290 2214 honore

117 2241 192 2303 sunt
215 2236 300 2320 apud
323 2237 388 2300 me!
433 2235 593 2320 Equidem
620 2237 854 2304 moderationis
882 2259 973 2304 meae
996 2237 1216 2303 certissimum
1243 2239 1290 2301 in-

117 2325 236 2390 dicium
255 2328 317 2408 est,
340 2324 425 2408 quod
442 2347 483 2389 ne
502 2325 597 2389 victis
619 2326 748 2411 quidem
767 2327 904 2409 superbe
927 2327 1060 2410 impero.
1097 2325 1182 2390 Veni
1202 2327 1290 2391 enim

118 2534 160 2588 als
185 2533 295 2588 andere.
319 2563 353 2574 -
377 2536 429 2588 ati
451 2535 589 2605 inpacto
611 2551 677 2590 meo
730 2553 802 2591 mum
822 2534 876 2591 Cic.
895 2554 923 2605 p.
942 2535 1002 2591 Mil.
1021 2542 1056 2590 24
1073 2536 1130 2590 und
1151 2539 1291 2593 1111111111

118 2605 181 2660 dh.
196 2604 266 2659 mild
280 2606 337 2659 und
355 2605 437 2675 glitig
450 2624 484 2660 au
501 2605 572 2661 sein:
593 2606 675 2661 Sinn:
732 2608 849 2676 aliquem
866 2606 1024 2663 111113.
1042 2613 1083 2662 13.

118 2676 163 2731 die
189 2676 265 2731 mich
296 2677 376 2731 nicht
401 2696 435 2730 au
463 2675 539 2732 einer
571 2675 677 2732 meiner
768 2685 791 2732 7.
810 2679 931 2732 bostem
949 2703 983 2724 =
1002 2678 1289 2735 Hochverrtther.

117 2747 207 2802 Natur
225 2747 350 2802 fremden
369 2748 486 2817 Strenge
504 2749 649 2818 nothigen.
731 2749 784 2803 Zur
803 2749 890 2803 Sache
916 2767 936 2803 s.
957 2756 980 2804 6.
1001 2756 1025 2804 9.
1046 2757 1087 2804 17.
1106 2780 1142 2789 —
1159 2751 1291 2805 atinam

154 2823 179 2872 6.
216 2818 402 2889 Lyncestae
437 2820 676 2874 Alaaaaolrcm.
730 2836 804 2875 11111.
845 2819 896 2873 Die
922 2819 1063 2889 Negation
1090 2820 1129 2873 ist
1156 2837 1212 2891 eng
1239 2821 1292 2875 mit

118 2887 181 2957 Vgl.
198 2894 222 2944 7.
236 2895 257 2941 1.
272 2894 295 2945 5.
323 2889 401 2943 Alex.
421 2889 480 2942 will
498 2906 593 2959 sagon,
612 2891 676 2944 dass
731 2892 855 2960 coepisset
865 2909 897 2944 au
907 2890 1069 2947 verbinden.
1097 2891 1290 2948 Ebensol'ell.

119 2957 210 3012 dieser
222 2959 285 3012 Fall
298 2959 378 3013 nicht
390 2959 551 3028 verglichen
565 2961 678 3015 werden
731 2967 755 3015 2.
777 2968 826 3016 116
849 2963 959 3016 uanam
976 2978 1032 3016 aaa
1049 2979 1082 3015 m.
1102 2978 1144 3016 111.
1164 2968 1291 3018 testatam

118 3027 198 3083 dtirle
208 3029 261 3083 mit
270 3029 334 3083 dem
346 3030 394 3084 des
403 3028 476 3085 Phil.
485 3048 511 3083 u.
520 3031 677 3100 Parmenio,
731 3038 803 3086 11111.
826 3064 859 3072 -
882 3049 928 3086 me
952 3034 1125 3100 dicentem,
1152 3034 1291 3103 hypothe-

118 3100 368 3170 daerfiberhaupt
377 3116 428 3168 gar
436 3099 677 3170 keinsappliciam
730 3101 819 3172 tisch,
836 3102 863 3157 εἰ
882 3101 969 3172 ἔγωγε
990 3101 1093 3172 ἔλεγον.

117 3171 186 3226 fiber
205 3171 291 3240 jenen
308 3171 447 3239 verhtngt
471 3172 553 3226 habe.
573 3204 606 3212 -
626 3173 677 3227 bia
767 3180 791 3228 8.
810 3176 877 3228 alta
899 3180 953 3229 est.
997 3173 1033 3229 So
1057 3175 1143 3229 sehon
1166 3174 1215 3230 bei
1239 3177 1292 3230 den

118 3243 335 3312 insidiatum,
358 3242 398 3296 im
416 3241 527 3297 Winter
546 3249 598 3297 334
618 3243 676 3297 und
732 3241 889 3300 Classilxern
906 3247 989 3300 ailam
1008 3261 1061 3300 ease
1083 3247 1115 3299 la
1131 3262 1162 3299 re
1181 3271 1217 3292 =
1236 3245 1294 3300 auf

116 3313 219 3368 bereits
252 3313 347 3370 frtiher
374 3320 438 3383 336,
471 3313 595 3370 insolam
627 3315 676 3369 das
730 3317 835 3370 etwas
867 3316 1025 3372 beruhen.
1071 3317 1103 3370 In
1129 3316 1291 3387 Beziehung

118 3382 261 3454 Complott
282 3403 373 3456 gagen
395 3384 523 3456 Philipp,
549 3403 586 3440 an
609 3387 675 3440 dem
729 3385 780 3441 auf
794 3386 844 3441 das
862 3386 958 3442 aweite
973 3386 1115 3456 Satzglied
1133 3394 1211 3444 w'are
1224 3405 1290 3458 pea-

115 3455 194 3524 jener
228 3456 379 3526 betheiligt
414 3473 484 3524 war,
526 3457 674 3512 selbstver-
729 3459 791 3512 clere
821 3473 855 3512 ex
886 3475 1105 3527 angemessener.
1136 3489 1170 3499 -
1199 3462 1289 3515 vidc-

116 3525 257 3579 sttndlich
280 3527 352 3580 auch
377 3543 469 3596 gagen
491 3528 545 3581 den
568 3529 674 3583 Thron-
729 3545 806 3583 mus.
840 3528 970 3598 estjam,
989 3533 1042 3585 wie
1058 3530 1105 3584 bei
1118 3532 1290 3599 repellamus,

116 3595 201 3650 erben
230 3596 369 3665 gerichtet
398 3615 464 3652 war.
510 3599 602 3653 Ueber
629 3599 675 3653 die
729 3599 780 3654 ist:
799 3615 849 3654 1111
866 3616 939 3668 repas
957 3606 981 3655 et
999 3601 1087 3656 daces.
1124 3601 1166 3654 Zu
1184 3618 1290 3656 ramma

117 3665 385 3736 eingelxlammerten
394 3669 492 3723 Worte
507 3687 527 3723 s.
541 3669 595 3724 den
609 3669 675 3724 lxrit.
729 3671 793 3724 imis
807 3672 877 3738 eoas.
887 3671 1046 3740 vergleiche
1061 3673 1111 3726 das
1125 3672 1289 3727 horazische

116 3737 244 3807 Anhang.
259 3770 292 3778 -
307 3740 466 3805 liberavi,
484 3740 608 3795 namlich
622 3746 674 3794 336
731 3741 788 3796 ima
805 3743 917 3795 summis
935 3747 1047 3797 matare.

116 3807 190 3862 heim
218 3811 333 3864 ersten
359 3810 587 3881 Mordanschlag‚
618 3828 675 3866 was
766 3817 790 3866 9.
810 3814 1000 3866 auaritiam.
1034 3813 1097 3881 Vgl.
1118 3812 1192 3866 oben
1212 3820 1236 3868 t.
1249 3820 1289 3866 11.

116 3879 313 3934 ausdrucklich
345 3885 445 3951 gesagt
474 3881 533 3936 sein
560 3883 674 3937 mdeste.
730 3914 762 3922 -
787 3883 932 3937 incisam
954 3884 1036 3937 milri
1056 3883 1198 3948 faciam,
1227 3883 1290 3936 ‘mir

116 3981 147 3988 -
164 3951 296 4006 distuli.
327 3952 506 4007 Uebersetae:
528 3952 613 4008 ‘habe
627 3952 679 4007 auf
730 3954 818 4008 selbst
839 3953 1054 4079 pachuaglich)
1077 3953 1217 4023 verleide,
1240 3971 1290 4009 vor

116 4020 260 4076 dieStrafe
275 4025 382 4077 warten
396 4021 510 4078 lassen’.
535 4022 675 4078 Aehnlich
728 4023 782 4078 mir
803 4024 845 4078 sel
864 4026 891 4078 st
913 4023 1092 4079 herabsetze’
1115 4053 1148 4064 —-
1170 4042 1288 4097 orpra-

116 4092 220 4148 ‹lllatus
243 4093 306 4158 (mit
328 4093 404 4148 einer
427 4093 556 4162 Anklage
578 4094 674 4164 hinge-
729 4097 791 4149 leis
819 4111 840 4150 c.
867 4096 970 4150 lectis.
1012 4095 1093 4148 Auch
1115 4095 1213 4150 Livius
1241 4096 1290 4150 hat

116 4162 223 4232 hulten)
238 4164 304 4218 Tac.
320 4180 383 4218 ann.
401 4172 424 4218 1.
440 4168 488 4229 583
502 4180 551 4218 aec
565 4170 590 4218 te
605 4164 641 4232 (d.
656 4165 675 4220 i.
728 4165 775 4220 bei
798 4167 910 4232 catara,
936 4166 1099 4234 recumbere,
1122 4168 1214 4222 tedere
1236 4167 1289 4220 den

115 4235 263 4303 1111111111)
283 4235 365 4302 differ
382 4236 414 4289 a'a
430 4235 521 4299 loros,
542 4233 591 4288 01.
607 4250 675 4289 rem.
728 4236 1195 4294 blossenAblativ.-sustlaare
1211 4237 1288 4292 ‘fort-

115 4319 169 4357 am.
195 4310 243 4373 933
269 4305 341 4359 auch
364 4321 391 4360 se
414 4306 450 4375 (d.
474 4303 493 4356 i.
518 4306 677 4372 petutoaem
729 4307 869 4377 bringen’.
906 4306 969 4377 Vgl.
989 4324 1084 4377 capere
1102 4314 1127 4363 t.
1147 4316 1171 4363 6.
1191 4315 1218 4364 4.

46 4366 77 4504 ι
103 4377 200 4446 mam)
221 4377 371 4435 transtulit
395 4377 429 4435 ia
451 4391 559 4433 1111111111
584 4377 678 4449 proci·
768 4385 812 4434 tc.
831 4378 990 4448 Equidem
1008 4396 1029 4433 s.
1048 4379 1121 4435 Einl.
1140 4385 1204 4445 §aa
1220 4398 1246 4434 u.
1260 4377 1286 4432 d.
