2790 4792
157 246 221 311 180
609 244 642 311 Q.
662 245 772 302 OURTI
791 243 877 302 RUFI

154 409 351 473 interfutura
382 408 564 490 certamini,
600 409 693 472 testis
725 410 837 474 eadem
865 410 1018 494 cuiusque
1044 409 1204 474 factorum
1232 415 1264 476 et
1292 409 1331 475 de

154 498 312 562 iudicibus
334 497 442 560 latura
465 497 672 560 sententiam:
697 499 814 581 quippe
837 520 956 562 verone
980 521 1023 562 an
1039 498 1122 563 falso
1140 499 1245 563 honos
1265 501 1330 564 eui-

121 607 137 654 5
155 608 217 670 que
239 586 426 668 haberetur,
449 585 593 669 ignorari
613 606 681 648 non
702 589 838 668 poterat.
880 585 1009 651 Primus
1032 588 1177 652 omnium
1199 588 1329 653 virtutis

155 696 253 739 causa
281 674 418 738 donatus
446 677 496 737 est
517 673 688 738 Atharrias
717 675 837 759 senior,
869 675 926 759 qui
953 675 1109 739 omissum
1132 675 1217 758 apud
1240 676 1330 740 Hali-

153 784 331 827 carnasson
367 784 387 826 a
423 762 603 826 iunioribus
639 763 798 845 proelium
833 785 917 826 unus
953 763 1093 827 maxime
1128 764 1329 828 accenderat:

153 852 318 934 proximus
346 851 374 913 ei
397 849 577 934 Antigenes
604 851 693 914 visus
717 855 780 915 est:
811 853 944 915 tertium
966 852 1073 917 locum
1094 850 1241 916 Philotas
1263 853 1329 916 Au-

154 960 254 1023 gaeus
283 937 438 1003 obtinuit:
472 942 605 1021 quartus
628 939 793 1022 Amyntae
821 939 930 1004 datus:
963 943 1039 1023 post
1059 940 1120 1003 hos
1143 939 1329 1026 Antigonus

154 1031 187 1090 et
210 1028 251 1091 ab
276 1049 313 1091 eo
335 1025 510 1110 Lyncestes
531 1026 692 1110 Amyntas
715 1027 790 1091 fuit:
814 1028 987 1111 septimum
1009 1029 1116 1093 locum
1134 1028 1329 1113 Theodotus,

118 1116 305 1184 cultimum
337 1115 478 1179 obtinuit
504 1114 702 1179 Hellanicus.
745 1115 787 1179 In
818 1116 989 1200 disciplina
1021 1138 1147 1200 quoque
1179 1118 1328 1181 militaris

153 1204 201 1267 rei
224 1226 244 1267 a
265 1203 442 1268 maioribus
465 1204 582 1269 tradita
599 1204 752 1287 pleraque
771 1226 897 1268 summa
908 1205 1050 1269 utilitate
1064 1206 1210 1268 mutavit.
1242 1204 1329 1268 Nam

153 1313 226 1357 cum
254 1296 329 1356 ante
357 1293 481 1376 equites
508 1293 544 1355 in
571 1314 663 1356 suam
691 1293 824 1376 quisque
850 1296 979 1377 gentem
1007 1293 1257 1357 discriberentur
1280 1315 1328 1356 se-

154 1402 248 1445 orsus
280 1403 300 1444 1
329 1381 456 1464 ceteris,
488 1385 636 1463 exempto
662 1381 831 1446 catonum
857 1381 1040 1446 discrimine
1067 1381 1238 1464 praefectis
1260 1403 1329 1446 non

119 1470 266 1552 entique
301 1491 432 1533 suarum
463 1470 621 1553 gentium,
657 1471 715 1534 sed
746 1469 877 1534 delectis
910 1469 1067 1533 attribuit.
1121 1469 1224 1554 Tube,
1255 1491 1328 1533 cum

155 1561 263 1621 castra
293 1579 421 1621 movere
452 1557 562 1642 vellet,
594 1558 723 1642 signum
754 1558 866 1640 dabat,
895 1557 984 1621 cuius
1012 1579 1111 1621 sonus
1138 1559 1328 1642 plerumque

154 1645 421 1709 tumultuantium
442 1645 574 1709 fremitu
596 1646 760 1710 exoriente
782 1646 869 1710 haud
888 1647 966 1710 satis
985 1645 1225 1710 exaudiebatur:
1249 1666 1327 1731 ergo

152 1734 322 1818 perticam,
347 1756 428 1818 quae
450 1735 590 1818 undique
614 1735 757 1818 conspici
778 1737 898 1818 posset,
921 1756 1019 1817 supra
1040 1735 1239 1816 praetorium
1262 1738 1327 1797 sta-

152 1823 229 1900 tuit,
260 1844 299 1886 ex
329 1844 394 1906 qua
422 1823 553 1907 signum
582 1824 745 1887 eminebat
772 1823 895 1907 pariter
925 1821 1074 1886 omnibus
1102 1823 1326 1904 conspicuum:

153 1911 386 1975 observabatur
408 1911 494 1996 ignis
517 1914 630 1993 noctu,
652 1912 761 1975 fumus
784 1910 934 1975 interdiu.

117 2018 134 2066 8
240 1998 373 2081 Iamque
392 1997 475 2063 Susa
497 2000 527 2062 ei
549 2000 675 2065 adituro
698 1998 858 2079 Abulites,
880 1995 1021 2082 regionis
1045 1999 1113 2062 eius
1135 1998 1360 2081 praefectus,8

153 2087 220 2150 sive
247 2085 346 2150 Darei
377 2087 480 2169 iussu,
511 2091 549 2151 ut
574 2087 795 2152 Alexandrum
825 2088 946 2169 praeda
972 2086 1138 2170 retineret,
1171 2087 1237 2150 sive
1268 2109 1326 2150 sua

153 2177 267 2257 sponte
294 2175 395 2238 filium
423 2174 552 2239 obviam
578 2177 681 2258 misit,
711 2175 906 2239 traditurum
930 2196 964 2238 se
985 2175 1099 2239 urbem
1121 2175 1326 2257 promittens.

117 2283 133 2331 9
152 2261 298 2347 Benigne
316 2264 464 2326 iuvenem
481 2265 608 2347 excepit
624 2286 681 2328 rex
695 2267 728 2328 et
742 2263 854 2328 eodem
868 2263 948 2328 duce
962 2263 1004 2326 ad
1017 2261 1184 2345 Choaspin
1198 2285 1326 2327 amnem

100 2369 134 2418 10
152 2346 311 2434 pervenit,
334 2351 515 2435 delicatam,
538 2358 575 2416 ut
596 2352 684 2416 fama
707 2355 770 2435 est,
793 2351 962 2415 vehentem
985 2373 1110 2434 aquam.
1151 2350 1214 2415 Hic
1237 2351 1325 2414 Abu-

151 2439 225 2502 lites
254 2461 327 2504 cum
353 2439 444 2503 donis
468 2442 585 2525 regalis
609 2441 791 2524 opulentiae
815 2440 964 2504 occurrit.
1008 2437 1188 2503 Dromades
1211 2441 1327 2503 cameli

151 2528 236 2591 inter
258 2528 342 2592 dona
365 2531 457 2592 erant
479 2529 660 2593 velocitatis
683 2528 831 2611 eximiae,
854 2546 904 2592 xn
927 2527 1092 2610 elephanti
1114 2549 1134 2590 1
1156 2526 1263 2592 Dareo
1288 2549 1326 2591 ex

150 2615 245 2680 India
268 2617 372 2700 acciti,
400 2617 466 2680 iam
488 2639 555 2681 non
577 2621 693 2701 terror,
716 2620 754 2680 ut
776 2619 996 2700 speraverant,
1019 2614 1245 2698 Macedonum,
1269 2617 1325 2679 sed

99 2725 131 2773 11
152 2705 314 2787 auxilium,
337 2726 413 2787 opes
436 2705 514 2769 victi
537 2705 577 2769 ad
599 2706 755 2770 victorem
772 2705 987 2768 transferente
1005 2703 1146 2768 fortuna.
1182 2702 1229 2766 Ut
1248 2726 1324 2767 vero

151 2793 264 2855 urbem
295 2793 443 2875 intravit,
474 2793 695 2858 incredibilem
728 2815 766 2856 ex
792 2793 954 2857 thesauris
983 2813 1143 2855 summam
1169 2793 1325 2874 pecuniae

151 2881 284 2964 egessit,
307 2898 329 2943 L
352 2880 442 2944 milia
463 2883 623 2945 talentum
647 2881 773 2966 argenti
795 2903 862 2946 non
885 2881 1005 2964 signati
1027 2880 1145 2962 forma,
1173 2880 1229 2943 sed
1253 2880 1325 2943 rudi

98 2987 132 3035 12
150 2969 302 3050 pondere.
345 2967 442 3032 Multi
467 2990 560 3053 reges
586 2972 697 3033 tantas
725 2990 803 3052 opes
829 2969 929 3053 longa
955 2971 1060 3032 aetate
1083 2968 1325 3033 cumulaverant

186 3130 210 3178 5.
228 3125 353 3191 seuior,
371 3125 529 3193 hierwohl,
547 3125 587 3177 im
601 3123 709 3194 Gegen·
762 3125 808 3179 die
825 3123 940 3179 Reform
962 3142 1014 3177 nur
1037 3122 1088 3177 auf
1103 3124 1149 3177 die
1167 3124 1323 3178 Befehls·

149 3198 208 3249 sata
225 3214 259 3249 zu
277 3196 332 3249 den
348 3195 500 3265 folgenden
516 3196 648 3261 iuniores,
666 3211 708 3249 ao·
762 3195 867 3249 haber
883 3195 1015 3264 bezogen.

148 3265 256 3320 viclals
269 3283 365 3320 uuuse
377 3266 530 3320 senioribus
542 3267 708 3333 (militibus).
798 3273 823 3320 7.
843 3267 945 3320 dabat
959 3291 992 3310 =
1007 3265 1063 3334 gab
1077 3264 1120 3318 bis
1135 3264 1229 3332 dahin,
1243 3264 1323 3319 hatte

148 3335 213 3406 Vgl.
242 3343 284 3390 10.
309 3343 370 3392 18
397 3337 550 3391 scalaribus
576 3337 707 3402 militum
762 3336 1323 3406 gegeben-exquasiauumemiae-

149 3413 174 3461 8.
194 3413 219 3460 1.
238 3413 271 3461 23
290 3425 317 3460 u.
336 3413 362 3461 δ.
380 3409 497 3461 seniores
514 3407 573 3460 und
591 3413 674 3461 811.
691 3414 708 3460 3
762 3409 819 3461 bat
832 3405 926 3461 =auf
937 3407 1023 3460 deren
1034 3405 1128 3475 Spitze
1142 3406 1323 3475 engebracht,

148 3477 240 3530 senior
256 3478 369 3545 quidam
383 3479 490 3545 peritus
508 3479 634 3533 beorum.
655 3477 708 3531 Die
763 3478 813 3532 das
832 3477 951 3532 Zeichen
968 3477 1044 3532 allen
1062 3476 1184 3530 sichtbar
1203 3493 1269 3531 war.

148 3547 301 3615 folgenden
317 3547 427 3601 Numen
444 3548 507 3602 sind
523 3548 606 3603 meist
623 3548 709 3602 unbe-
797 3555 822 3603 8.
841 3549 1006 3603 Abulites.
1028 3547 1254 3602 EbensoDiodor
1267 3547 1323 3600 und

148 3617 250 3683 kannt,
268 3618 337 3672 uber
350 3620 533 3687 Autiqeues
547 3624 708 3674 s.8.14.15.
761 3618 907 3684 Plutarch:
937 3620 1023 3672 etwas
1052 3617 1234 3671 abweichend
1261 3618 1321 3672 Arr.

150 3718 185 3727 -
202 3688 372 3757 Augaeus,
392 3689 466 3743 wohl
479 3689 708 3759 Adjelrtivum=
763 3695 787 3743 3.
808 3695 851 3744 16.

149 3758 596 3829 ausAugaeaaquhalcidice.-
611 3761 707 3815 abeo.
798 3765 823 3813 9.
848 3759 1031 3828 Choaspin,
1058 3758 1137 3812 Fluss
1160 3759 1248 3813 westl.
1268 3775 1323 3812 von

149 3829 186 3884 So
204 3830 275 3883 wird
294 3831 332 3884 ab
352 3831 427 3884 dann
439 3831 498 3884 und
511 3847 594 3884 wann
612 3830 668 3898 (bei
679 3828 708 3884 O.
762 3829 840 3884 Susa.
865 3829 958 3884 Ueber
975 3830 1036 3884 sein
1048 3828 1200 3883 kostliches
1210 3828 1322 3883 Wasser

147 3900 708 3970 nurhier)=post,seciuidauugebraucht.
762 3918 784 3954 s.
802 3900 905 3954 Herod.
925 3906 949 3955 1.
971 3907 1029 3956 188.

147 3971 185 4025 Ε1
203 3972 329 4026 schwebt
346 3971 431 4026 dabei
447 3970 524 4025 wohl
542 3970 588 4024 ein
605 3970 712 4040 Begriff
799 3977 841 4026 10.
860 3989 900 4024 111
918 3972 1102 4040 elephanti,
1120 3971 1321 4039 nachgetrage·

147 4043 201 4097 wie
217 4044 362 4112 proximus
378 4059 436 4097 vor.
482 4041 547 4110 Vgl.
566 4048 591 4095 8.
612 4048 653 4095 11.
673 4048 707 4097 28
760 4058 810 4096 nes
828 4041 955 4111 Subjelxt,
973 4042 1029 4112 vgl.
1048 4047 1073 4096 3.
1093 4047 1135 4095 13.
1155 4047 1321 4095 14111.-

143 4115 290 4181 proximae
308 4114 430 4168 aucta.
761 4119 798 4166 ut
828 4117 1065 4181 sperauerant,
1101 4111 1186 4165 1111111.
1214 4116 1320 4175 Persae:

185 4190 209 4239 6.
223 4186 399 4253 pleraque,
416 4181 641 4237 11114.1.6.-’-
660 4183 708 4236 de·
761 4183 818 4253 vgl.
837 4187 860 4248 §-
882 4189 914 4236 12
933 4188 966 4236 ut
983 4183 1202 4237 arbitrabantur.

149 4254 257 4324 lectis,
275 4272 331 4309 von
347 4255 427 4310 Alex
444 4253 614 4336 gewahlten.
639 4253 708 4307 Dar·
799 4260 840 4307 11.
861 4254 1031 4307 thesauris
1050 4278 1085 4299 =
1104 4252 1321 4307 Schatakam-

149 4325 221 4379 nach
247 4325 357 4380 scheint
379 4342 419 4394 es,
445 4341 486 4378 nn
508 4323 709 4392 Widerspruch
762 4340 861 4379 mern.
888 4353 922 4362 —
953 4339 1019 4378 uon
1039 4325 1321 4393 sipuati...pou-

149 4394 202 4448 mit
220 4395 284 4450 dem
301 4395 477 4465 Vordersata,
495 4395 538 4451 als
556 4394 630 4449 habe
649 4393 709 4448 sich
763 4395 849 4463 dere,
870 4394 974 4449 neuere
992 4394 1185 4464 Bestimmung
1202 4411 1258 4448 von
1275 4411 1320 4448 ar·
