2790 4792
360 184 616 240 HISTORIARUM
634 184 851 240 ALEXANDRI
869 184 931 254 VH,
952 191 977 241 6.
1217 186 1257 250 79

80 348 206 433 posteri
228 349 331 429 luere,
354 347 410 431 qui
432 368 473 411 ne
496 346 644 411 viderant
668 346 799 431 quidem
821 345 984 432 Miletum,
1007 347 1080 413 ideo
1103 352 1137 413 et
1159 348 1259 414 Xerxi

80 460 148 504 non
172 440 347 521 potuerant
370 435 514 519 prodere.
1163 448 1165 451 ·

25 535 71 600 24
170 525 250 590 Inde
281 524 441 609 processit
473 523 513 588 ad
543 523 679 590 Tanaim
712 545 849 590 amnem.
901 524 971 600 Quo
1004 526 1177 610 perductus
1209 532 1259 592 est
1277 548 1312 597 36

80 614 201 680 Bessus
225 635 291 678 non
315 613 441 677 vinctus
465 612 575 696 modo,
600 612 657 678 sed
679 613 778 678 etiam
797 614 887 678 omni
905 614 1090 680 velamento
1114 616 1259 700 corporis

81 703 252 789 spoliatus.
299 699 501 786 Spitamenes
525 723 599 765 eum
622 701 756 767 tenebat
779 702 863 768 collo
886 702 1010 772 inserta
1033 708 1161 787 catena,
1190 707 1260 768 tam

79 792 230 858 barbaris
258 813 355 875 quam
378 789 610 855 Macedonibus
633 793 764 874 gratum
788 791 1017 874 spectaculum.
1054 790 1137 856 Tum
1156 790 1260 877 Spita·
1278 812 1312 862 37

81 902 207 963 menes,
235 878 291 944 ‘Et
314 878 368 964 te’,
395 879 515 963 inquit,
543 877 588 944 ‘et
610 879 768 963 Dareum,
794 899 889 964 reges
912 901 1016 963 meos,
1043 881 1132 946 ultus
1159 881 1259 946 inter-

81 970 238 1034 fectorem
262 967 385 1032 domini
409 968 458 1032 sui
477 967 610 1049 adduxi,
632 989 671 1033 eo
695 967 791 1032 modo
811 971 955 1052 captum,
979 968 1069 1034 cuius
1088 970 1159 1053 ipse
1182 969 1260 1033 fecit

82 1058 274 1142 exemplum.
305 1056 444 1140 Aperiat
462 1055 502 1120 ad
521 1055 583 1121 hoc
603 1057 823 1140 spectaculum
842 1057 952 1122 oculos
967 1055 1106 1121 Dareus!
1129 1057 1261 1122 Exiatat

83 1147 124 1211 ab
143 1146 265 1227 inferis,
284 1146 339 1229 qui
358 1144 416 1208 illo
437 1144 597 1228 supplicio
616 1144 769 1229 indignus
788 1145 851 1210 fuit
870 1150 903 1210 et
920 1146 983 1210 hoc
1001 1145 1122 1210 solacio
1142 1146 1259 1232 dignus

83 1233 158 1298 estl’
201 1232 385 1298 Alexander
412 1233 552 1298 multum
580 1233 774 1298 conlaudato
803 1232 990 1319 Spitamene
1017 1255 1191 1299 conversus
1220 1234 1260 1299 ad
1278 1255 1312 1304 38

82 1323 235 1401 Bessum,
259 1319 391 1404 vuius,
413 1320 535 1410 inquit,
558 1319 658 1386 ‘ferae
676 1321 784 1387 rabies
804 1322 974 1406 occupavit
992 1322 1135 1386 animum
1158 1327 1261 1406 tuum,

83 1434 157 1476 cunr
176 1430 288 1494 regem
307 1410 346 1475 de
364 1413 397 1474 te
417 1409 539 1495 optime
558 1411 710 1475 meritum
728 1411 819 1495 prius
838 1410 969 1495 vincire,
988 1410 1102 1476 deinde
1117 1411 1261 1476 occidere

84 1499 292 1581 sustinuisti?
330 1497 392 1563 Sed
414 1498 510 1563 huius
531 1498 699 1582 parricidii
717 1499 896 1565 mercedem
918 1498 1005 1564 falso
1025 1501 1111 1585 regis
1129 1500 1262 1564 nomine

83 1588 274 1673 persolvisti
296 1585 380 1653 tibi'.
416 1585 478 1650 Ille
500 1586 627 1651 facinus
651 1607 790 1671 purgare
811 1609 877 1653 non
896 1610 992 1652 ausus
1016 1590 1103 1673 regis
1127 1588 1262 1653 titulum
1281 1609 1315 1658 39

84 1699 119 1742 se
143 1698 300 1760 usurpare
323 1675 420 1760 dixit,
441 1679 478 1739 ut
502 1680 632 1761 gentem
655 1697 748 1740 suam
770 1675 898 1740 tradere
921 1676 986 1760 ipsi
1007 1680 1131 1760 posset:
1155 1677 1211 1761 qui
1235 1676 1262 1742 si

84 1768 258 1848 cessasset,
289 1765 389 1828 alium
416 1763 518 1828 fuisse
550 1783 686 1847 regnum
715 1767 956 1848 occupaturum.
1006 1764 1051 1829 llt
1078 1764 1262 1830 Alexander
1280 1786 1316 1835 40

84 1853 260 1936 Oxathren,
278 1853 415 1917 fratrem
433 1850 544 1935 Darei,
562 1874 658 1937 quem
676 1854 761 1917 inter
780 1853 924 1937 corporis
944 1852 1092 1918 custodes
1110 1853 1264 1937 habebat,

84 1943 218 2028 propius
246 1942 342 2006 iussit
365 1942 514 2006 accedere
541 1940 691 2026 tradique
714 1940 852 2006 Bessum
880 1941 924 2025 ei,
952 1943 989 2006 ut
1012 1942 1098 2006 cruci
1121 1941 1263 2006 adfixum

85 2030 247 2096 mutilatis
276 2030 407 2095 auribus
434 2029 631 2113 naribusque
660 2029 790 2114 sagittis
819 2030 1019 2116 configerent
1049 2030 1181 2095 barbari
1209 2030 1262 2095 ad-

85 2123 316 2203 servarentque
335 2140 461 2204 corpus,
479 2122 516 2184 ut
533 2140 574 2183 ne
593 2141 669 2184 aves
688 2118 818 2203 quidem
832 2119 1069 2204 contingerent.
1101 2118 1263 2184 Oxathres
1281 2143 1314 2192 41

85 2325 119 2334 —
143 2294 217 2348 ideo
240 2298 270 2347 ct
293 2318 327 2339 ι-
352 2292 451 2347 ‘daher
474 2291 569 2360 auch’,
595 2292 648 2347 wie
702 2292 1263 2363 Aperiatacclamanda—dip-

85 2365 159 2419 auch
172 2363 220 2418 bei
230 2363 389 2419 Classilxern
401 2363 433 2417 in
446 2363 552 2418 diesem
562 2362 648 2418 Sinna
701 2379 765 2418 aas
777 2369 838 2430 cat,
847 2364 1002 2433 jetatnach
1016 2364 1081 2419 dem
1090 2364 1181 2432 Tod03
1197 2381 1264 2418 man

84 2438 146 2491 idco
169 2440 207 2501 ct,
228 2436 322 2504 itaque
343 2439 382 2501 et,
405 2435 493 2503 ipdm
516 2439 541 2488 et
564 2434 649 2502 (doch
701 2435 822 2489 beachte
835 2435 890 2490 den
905 2434 1063 2505 Gegensatz
1076 2436 1125 2490 illo
1140 2479 1146 2491 .
1162 2477 1168 2489 .
1184 2479 1190 2490 .
1205 2436 1262 2490 boc.

85 2507 166 2562 nlchb
188 2511 213 2559 dd
230 2507 337 2575 itaque,
361 2506 461 2575 spitum)
478 2504 647 2588 Vorllpmmb.
738 2537 780 2585 38·
804 2533 1009 2600 penozvisti
1035 2533 1101 2586 tibi
1122 2531 1176 2586 wie
1199 2548 1264 2601 pe,-

85 2578 144 2631 9⁸⁸
161 2576 294 2646 f⁰¹⁸⁶¹²d⁰
312 2581 534 2644 ”mmmm
551 2577 590 2630 ”l
605 2575 648 2630 ὼ
701 2602 802 2656 solvere
825 2617 883 2668 aes,
906 2602 1026 2657 debitam
1049 2603 1145 2657 alicui.
1183 2602 1263 2658 Sina:

86 2648 133 2702 ein
146 2646 254 2772 B⁰ififf
267 2665 302 2700 au
315 2646 647 2715 fassenaaepaiceraat.
703 2671 741 2726 du
759 2672 824 2726 hm
841 2671 907 2726 (1101,
927 2673 959 2742 ja
978 2672 1060 2726 dap-11
1080 2672 1194 2728 bezahlt
1209 2690 1263 2796 {a

85 2720 190 2843 ,lassor
210 2734 255 2771 em
278 2734 299 2772 Β·
323 2717 396 2772 Effll
422 2723 499 2798 523·
537 2716 648 2799 ᾹΠΕῙΘΓΘ
702 2742 800 2797 macht
822 2742 911 2798 durch
929 2743 984 2798 den
1005 2742 1191 2813 gestohlenen

98 2805 176 2844 esen:
200 2790 278 2853 adca,
304 2787 392 2843 allern
414 2788 491 2842 draeo
513 2785 649 2854 Paitikeh
702 2813 859 2883 nimum,

85 2861 132 2915 die
151 2860 200 2915 bei
212 2859 447 2915 Nachclassilrern
461 2857 541 2912 nicht
559 2859 649 2913 selten
1185 2909 1198 2922 „

87 2930 162 2985 nach
179 2947 214 2984 ac
233 2971 239 2982 .
256 2973 262 2984 .
281 2931 389 3000 quidem
408 2929 468 2986 sich
486 2928 582 2994 findet,
601 2929 650 2983 be·
738 2907 780 2957 39·
804 2918 972 2985 mmm
999 2904 1026 2959 d·
1052 2904 1079 2959 h·
1109 2921 1139 2959 ²¹
1166 2905 1264 2988 lum

87 3002 185 3082 duentet
220 3000 267 3056 bei
302 3000 524 3083 nachfolgender
554 2999 649 3070 Nega-
703 2973 757 3057 ‘3⁰¹²
783 2973 866 3058 T¹l⁰L
907 2972 972 3044 Vssl·
999 2991 1136 3045 mmm
1162 2992 1266 3060 ²¹⁶⁸?

87 3077 148 3126 tron
163 3071 393 3141 geschwerge,
407 3071 650 3136 dassaaedam
685 3061 764 3099 *lm
786 3049 829 3099 ²⁴⁶²
853 3050 940 3129 lam·
968 3052 1000 3100 1⁶
1025 3064 1052 3102 ¹¹·
1072 3051 1097 3100 ὅ·
1117 3064 1218 3128 ἼΜ
1240 3063 1266 3101 ⁸²

88 3144 160 3225 dazu
183 3143 279 3224 warde
301 3143 376 3197 wohl
400 3142 446 3198 ein
465 3143 651 3210 prodiderant
705 3139 739 3198 ²?
753 3133 819 3170 mm
837 3131 862 3198 ³?
880 3132 945 3184 ΨΜ·
979 3116 1015 3171 ⁸⁰
1034 3117 1107 3199 ³¹¹⁰h.
1124 3117 1171 3197 bel
1190 3115 1266 3171 ⁰¹³⁸·

88 3217 233 3281 strmmen,
249 3214 330 3267 mcht
343 3213 412 3266 aber
424 3218 575 3282 potuerant
584 3228 649 3282 pra
704 3186 799 3270 ⁸!k0m
825 3187 905 3241 ΝΜ
938 3187 1027 3269 hellen
1058 3204 1106 3257 Ψ
1135 3189 1187 3240 mlt
1213 3186 1265 3242 Be*

88 3286 158 3340 dere.
201 3283 331 3338 Disselbe
350 3282 518 3338 Geschichte
542 3283 652 3338 erathlt
704 3257 825 3327 mehung
849 3256 900 3310 anf
925 3256 970 3311 ‘¹¹⁰
999 3256 1171 3325 ΒΡῐθθῂθῃᾶθ
1199 3257 1266 3312 ⁰d⁶¹
1349 3310 1352 3315 .

88 3355 221 3424 subrigens
236 3355 308 3409 auch
321 3353 455 3409 Plutarch
469 3354 527 3408 und
539 3353 650 3423 Strabo,
705 3327 874 3397 ”3⁰³on
892 3326 1006 3381 Pffiffl‘

88 3424 139 3479 der
156 3427 285 3480 Letztere
302 3426 376 3479 nach
396 3423 591 3478 Callisthenes.
740 3429 783 3479 40.
815 3423 993 3478 Oaatbrem.
1039 3424 1131 3477 Ueber
1162 3423 1212 3478 ihn
1243 3442 1264 3479 s.

125 3503 167 3550 36.
192 3498 234 3551 od
259 3496 401 3550 Tanaim
419 3520 453 3540 =
476 3495 649 3550 laxarten.
705 3495 777 3550 oben
791 3500 816 3551 6.
830 3500 855 3551 2.
871 3501 941 3549 9.-
955 3495 1145 3549 mutilatis.
1162 3536 1168 3548 .
1184 3535 1189 3546 .
1204 3513 1265 3550 aa·

89 3567 244 3622 Jedenfalls
266 3567 311 3622 ein
335 3567 472 3633 limbum,
500 3566 575 3621 deun
600 3565 651 3619 der
704 3565 870 3635 ribasqac.
908 3563 989 3620 Auch
1008 3565 1109 3620 Arrian
1126 3566 1267 3622 berichtet

88 3639 149 3692 Jax.
168 3637 400 3692 fliesstnordlich
413 3653 469 3692 von
482 3635 652 3692 Maracanda
704 3653 760 3691 von
784 3636 875 3691 dieser
897 3637 960 3691 dem
985 3636 1106 3707 Vollaug
1132 3637 1181 3691 des
1201 3654 1265 3706 sap-

90 3712 200 3778 (6.10).
233 3708 363 3764 Gemeint
381 3709 420 3762 ist
436 3708 513 3762 wohl
531 3707 577 3762 ein
594 3707 650 3762 Ne·
700 3708 819 3776 plicima
845 3707 1094 3795 vorherpehenden
1120 3707 1265 3761 Verstfim·

87 3779 210 3835 benfluss
239 3781 287 3834 des
316 3779 400 3835 Oxus.
423 3810 456 3819 -
485 3781 571 3834 collo
597 3780 651 3833 ia·
705 3777 1190 3848 melung(almcpoe).-barbcri,
1205 3778 1266 3833 also

88 3857 186 3906 serta.
235 3851 336 3904 Arrian
368 3851 443 3920 sagt:
475 3845 585 3920 γυμνὸν
618 3844 651 3904 ἐκ
706 3847 1086 3920 aetnaeignenhandsleute.
1115 3849 1172 3903 Das
1182 3848 1266 3902 Fem-

89 3922 174 3991 κλοιῷ
194 3918 340 3990 δήσαντες.
705 3920 803 3974 halten
822 3921 871 3975 der
885 3920 977 3989 Vdgcl
994 3920 1065 3975 wird
1083 3919 1266 3989 angeordnet,

125 3999 168 4047 37.
192 4009 227 4047 eo
249 3994 341 4047 modo
365 3993 437 4047 dh.
456 4009 510 4061 per
532 3990 653 4046 imids'as
706 3989 797 4046 demit
818 3991 899 4046 nicht
921 3990 997 4047 dieas
1024 3990 1083 4045 und
1110 3990 1197 4044 durch
1226 3991 1266 4044 aie

88 4065 284 4133 etperfida'am.
304 4065 440 4132 -fecit
461 4062 650 4131 exemplam.
706 4064 789 4116 anter
816 4061 990 4116 Umstanden
1021 4060 1095 4115 auch
1124 4058 1266 4115 Personen

87 4135 141 4189 Bei
164 4135 217 4188 den
243 4132 403 4188 Glaesilrern
430 4133 468 4188 ist
493 4134 583 4200 facere
607 4148 653 4187 ec·
706 4131 765 4188 und
773 4131 996 4188 (lertlichkeiten
1009 4131 1132 4186 unrein
1145 4132 1266 4186 werden.

88 4206 207 4276 emptam
230 4223 251 4259 a.
270 4224 296 4260 v.
316 4221 341 4259 a.
364 4210 483 4260 statuere
502 4205 653 4272 exemplam
706 4203 815 4259 Ualxlar
831 4203 934 4273 bleibt,
952 4220 1011 4259 was
1025 4201 1200 4257 schliesslich
1214 4203 1267 4257 mit

88 4279 122 4332 ia
144 4278 239 4346 aliquo
256 4276 410 4345 (aliquem),
431 4275 560 4346 dagegen
579 4273 653 4329 ‘Bai
707 4274 757 4329 der
774 4274 877 4330 Leiche
891 4275 1055 4400 ,lewhehm
1072 4274 1168 4339 sollta;
1193 4274 1266 4330 nach

89 4347 163 4418 spiel
186 4347 303 4416 geben':
329 4363 370 4402 ex.
394 4348 470 4403 edere
496 4348 594 4415 (darc).
617 4375 651 4386 ·-
707 4345 813 4401 Diodor
830 4365 891 4401 war
911 4363 926 4401 e
945 4346 985 4402 aie
1004 4345 1192 4401 aersttichelt.
