2790 4792
343 212 600 269 HISTORIARUM
616 214 833 269 ALEXANDRI
852 215 899 282 VI,
921 221 961 271 10.
1193 218 1237 282 43

65 376 205 441 adfecto!
250 376 372 460 Ecquis
397 399 414 440 e
441 376 533 441 vobis
561 383 731 461 corruptus
760 380 810 441 est
835 378 950 443 donis?
997 400 1093 462 quem
1116 380 1238 463 ducem,

64 488 160 550 quem
178 465 378 548 praefectum
397 466 564 549 inpensius
583 467 690 530 colui?
731 465 815 530 Mihi
833 466 961 550 quidem
981 467 1128 552 obicitur,
1152 470 1238 552 quod

64 554 254 619 societatem
275 555 375 638 patrii
398 555 556 620 sermonis
585 577 752 640 aspernor,
781 555 866 639 quod
889 553 1103 621 Macedonum
1129 580 1237 623 mores

62 643 239 707 fastidiam.
286 642 339 708 Sic
366 663 443 727 ergo
466 643 616 728 imperio,
644 645 729 729 quod
757 643 927 729 dedignor,
954 645 1121 710 immineo!
1167 645 1237 712 Iam
1255 659 1289 707 23

62 732 187 816 pridem
210 732 338 796 nativus
368 733 424 796 ille
455 753 561 797 sermo
585 733 777 798 commercio
802 732 939 796 aliarum
961 733 1107 818 gentium
1131 736 1237 800 exole-

62 822 123 884 vit:
146 824 216 885 tam
239 820 427 904 victoribus,
451 842 547 905 quam
569 822 664 887 victis
687 821 859 906 peregrina
876 820 991 905 lingua
1009 819 1158 887 discenda
1177 829 1236 890 est.

60 909 137 975 Non
161 909 344 974 mehercule
371 911 437 974 ista
460 931 512 974 me
536 911 642 996 magis
664 911 810 994 laedunt,
839 931 936 993 quam
960 910 1045 993 quod
1068 910 1237 996 Amyntas,
1256 924 1291 972 24

61 997 234 1063 Perdiccae
261 998 361 1077 filius,
389 998 560 1064 insidiatus
588 1001 639 1065 est
665 999 752 1084 regi:
784 1020 858 1064 cum
885 1019 950 1083 quo
978 998 1063 1083 quod
1095 1001 1238 1066 amicitia

61 1088 161 1151 buerit
184 1087 279 1170 mihi,
302 1109 368 1152 non
390 1108 503 1153 recuso
527 1088 711 1172 defendere,
734 1093 762 1153 si
784 1087 922 1153 fratrem
943 1087 1032 1172 regis
1054 1110 1120 1154 non
1142 1111 1237 1173 opor·

60 1176 126 1241 tuit
150 1176 243 1261 diligi
267 1199 287 1241 a
309 1176 412 1241 nobis.
458 1174 515 1242 Sin
538 1182 648 1243 autem
670 1178 706 1242 in
726 1178 784 1242 illo
804 1176 953 1241 fortunae
972 1176 1074 1258 gradu
1091 1178 1236 1260 positum
1254 1189 1290 1238 21

62 1267 162 1329 etiam
181 1266 328 1329 venerari
347 1286 477 1330 necesse
496 1271 578 1330 erat:
602 1272 733 1351 utrum,-
744 1287 873 1350 quaeso,
896 1264 983 1350 quod
1001 1287 1067 1330 non
1085 1266 1236 1352 divinavi,

60 1375 135 1417 reus
160 1376 244 1436 sum,
273 1376 316 1418 an
345 1354 507 1438 inpiorum
536 1356 649 1421 amicis
676 1355 865 1420 insontibus·
884 1374 1011 1439 quoque
1035 1355 1236 1421 moriendum

60 1442 134 1506 est?
181 1441 272 1518 Quod
296 1444 324 1507 si
348 1465 486 1527 aequum
509 1447 568 1528 est,
592 1466 649 1509 cur
671 1443 795 1509 tamdiu
818 1442 916 1509 vivo?
941 1442 969 1507 si
992 1442 1158 1526 iniustum,
1181 1466 1237 1510 our

59 1552 145 1595 nuuc
174 1531 304 1595 demum
332 1532 483 1597 occidor?
529 1534 575 1597 At
602 1534 688 1598 enim
716 1532 831 1616 scripsi
859 1532 1006 1597 misereri
1035 1536 1086 1596 ine
1115 1555 1236 1618 eorum,
1255 1544 1289 1593 26

59 1620 177 1704 quibus
205 1620 377 1684 vivendum
406 1624 492 1685 esset
519 1624 579 1687 sub
608 1644 660 1705 eo,
692 1622 747 1706 qui
775 1643 809 1686 se
835 1621 924 1688 Iovis
951 1622 1058 1685 filium
1084 1620 1237 1687 crederet.

58 1709 155 1772 Fides
179 1709 351 1792 amicitiae,
374 1711 443 1774 veri
463 1711 590 1776 consilii
608 1711 792 1793 periculosa
809 1710 954 1793 libertas,
976 1730 1027 1773 me
1047 1708 1235 1793 decepistis!

58 1819 133 1880 vos,
158 1818 239 1882 quae
263 1798 458 1882 sentiebam,
480 1821 522 1863 ne
545 1800 728 1882 reticerem,
757 1797 943 1882 inpulistis!
988 1795 1161 1881 Scripsisse
1184 1821 1235 1864 me

57 1887 139 1950 haec
162 1887 274 1968 fateor,
296 1889 350 1952 sed
369 1887 450 1971 regi,
472 1909 539 1951 non
562 1888 601 1952 de
618 1907 695 1972 rege
714 1888 893 1970 scripsisse.
937 1884 1014 1950 Non
1032 1886 1117 1950 enim
1137 1886 1235 1952 facie·
1254 1899 1287 1948 21

58 1977 137 2039 bam
160 1975 327 2058 invidiam,
351 1977 407 2040 sed
430 1998 489 2061 pro
514 1998 552 2041 eo
575 1976 741 2041 timebam.
786 1974 926 2060 Dignior
948 1974 1029 2038 mihi
1051 1975 1236 2042 Alexander

59 2064 245 2145 videbatur,
277 2064 334 2149 qui
361 2063 449 2130 Iovis
482 2065 618 2148 stirpem
645 2065 766 2131 tacitus
799 2065 1025 2150 adgnosceret,
1054 2085 1151 2147 quam
1180 2067 1236 2151 qui

57 2152 299 2236 praedicatione
326 2153 471 2218 iactaret.
520 2151 584 2219 Sed
618 2155 771 2240 quoniam
801 2151 925 2219 oraculi
950 2152 1031 2216 fides
1059 2156 1147 2218 certa
1175 2159 1235 2234 est,
1254 2165 1289 2215 28

59 2243 105 2305 sit
124 2240 201 2304 deus
220 2263 335 2306 causae
354 2264 444 2307 meae
462 2243 565 2308 testis.
605 2243 756 2309 Retinete
775 2243 881 2309 mein
899 2241 1045 2328 vinculis,
1065 2243 1141 2306 dum
1160 2264 1235 2308 con-

58 2331 176 2394 sulitur
204 2329 382 2414 Hammon,
414 2354 491 2396 num
519 2353 673 2397 areanum
702 2336 735 2397 et
765 2333 930 2398 oecultum
961 2331 1064 2395 scelus
1092 2331 1234 2397 inierim:

59 2417 115 2500 qui
137 2439 247 2503 regem
269 2424 417 2485 nostrum
439 2420 591 2504 dignatus
614 2427 665 2486 est
686 2422 806 2503 filium,
833 2420 997 2486 neminem
1028 2440 1153 2506 eorum,
1180 2423 1235 2506 qui

60 2505 157 2588 stirpi
181 2529 256 2572 suae
280 2508 426 2574 insidiati
451 2512 536 2594 sunt,
558 2511 661 2574 latere
679 2510 832 2594 patietur.
878 2507 913 2574 si
935 2507 1075 2574 certiora
1093 2510 1233 2575 oraculis
1252 2530 1286 2578 21

57 2681 206 2749 Metapher
227 2683 278 2737 hat
300 2685 371 2737 auch
391 2683 487 2738 Livius
505 2683 559 2739 mit
577 2685 618 2740 ta·
672 2681 1232 2752 1111111111111111311,11111111

56 2756 124 2817 tere,
152 2754 302 2807 delitescere
329 2772 355 2808 u.
382 2755 487 2808 andern
509 2754 618 2808 Verbis.
673 2786 707 2796 -
721 2756 823 2825 repis,
842 2754 868 2808 d.
882 2753 911 2808 h.
925 2753 975 2807 des
989 2752 1156 2822 damaligen.
1181 2751 1233 2808 Ge-

58 2853 90 2860 —-
111 2826 232 2891 eequis.
268 2822 389 2879 Hiermit
403 2826 471 2894 geht
485 2826 534 2880 der
547 2825 619 2880 Red-
671 2826 761 2880 meint
778 2826 817 2881 ist
833 2824 990 2894 Philippus.

56 2909 108 2946 ner
135 2894 185 2946 auf
210 2895 263 2946 den
287 2895 403 2949 aweiten
432 2895 618 2966 allgemeinen
709 2902 751 2952 21.
769 2914 836 2952 111
854 2894 1024 2960 divinavi,
1041 2894 1162 2961 absolut,
1177 2894 1232 2952 (1.1.

56 2963 140 3017 Theil
159 2964 250 3018 seiner
267 2965 345 3019 Rede
363 2967 440 3030 fiber,
458 2967 488 3020 in
506 2968 569 3023 dem
588 2983 619 3022 er
671 2968 773 3022 keineu
787 2968 930 3037 Argwohn
943 2966 1032 3031 hatte,
1050 2965 1096 3021 die
1110 2965 1233 3021 Zulrunft

57 3034 118 3088 sich
146 3053 201 3090 von
229 3037 293 3090 dem
321 3036 465 3092 Verdacht
491 3039 617 3093 berrech·
671 3037 988 3107 niehtvorausgesehen
1000 3035 1082 3090 habe.
1097 3067 1131 3077 -
1145 3053 1234 3092 auae

57 3106 201 3175 suchtiger
212 3107 324 3161 (11111111
339 3108 396 3162 und
405 3109 492 3164 Pldne
505 3109 617 3180 reinigt.
671 3112 808 3177 demam,
837 3109 918 3179 ‘jetzt
941 3106 1115 3162 schliesslich
1137 3109 1233 3178 noch’,

57 3207 92 3216 -
111 3179 197 3245 qaod
214 3179 407 3246 fastidiam,
426 3198 445 3235 s.
466 3185 490 3234 9.
507 3186 541 3235 36
560 3180 618 3234 und
672 3199 733 3235 earu
762 3186 819 3237 tam
851 3181 901 3235 det
932 3179 1078 3233 incolumis
1108 3179 1232 3234 11111111.

57 3247 104 3300 (111
123 3247 196 3302 Note
215 3249 272 3303 das.
288 3281 322 3289 -
337 3252 387 3304 ste
405 3266 479 3320 erpo
494 3294 500 3306 .
516 3294 522 3305 .
538 3295 544 3306 .
559 3253 617 3305 im·
671 3251 730 3304 Auf
740 3251 785 3306 die
796 3251 924 3320 Anklage
937 3247 1084 3303 inBetreff
1095 3249 1144 3303 des
1153 3251 1233 3304 Atta·

56 3319 172 3372 mineo.
211 3320 284 3374 Zwei
302 3320 456 3375 Gedanken
476 3322 539 3375 sind
557 3338 617 3375 ver·
671 3322 715 3376 lus
734 3324 831 3392 (9.17)
850 3323 919 3391 geht
935 3319 1063 3373 Philotas
1080 3319 1161 3374 nicht
1177 3319 1231 3376 ein

56 3390 228 3445 sehmolzen:
258 3391 321 3445 ‘aul
342 3392 494 3446 solohem
516 3392 618 3461 Wege
708 3393 923 3448 2111111111.
956 3390 1233 3461 Widerlegungvon

57 3459 119 3513 also
131 3461 241 3516 trachte
255 3462 300 3517 ioh
315 3461 619 3517 nachderHerrsohaft
672 3470 698 3520 9.
719 3469 760 3520 18.
780 3492 814 3505 -
832 3463 1029 3532 periculosa
1047 3463 1189 3517 libertas
1207 3480 1230 3518 c.

58 3531 136 3584 eines
150 3531 276 3601 Reiches‚
292 3534 341 3588 das
355 3533 402 3586 ich
416 3533 488 3588 doch
502 3534 617 3605 (angeb-
671 3552 733 3605 gen.
751 3534 791 3588 ist
811 3534 883 3588 hier:
913 3533 976 3608 ‘die'
988 3529 1162 3600 gefthrliohe
1180 3533 1232 3588 Er-

56 3601 126 3670 lieh)
148 3604 300 3659 verachte’.
337 3604 430 3658 Ueber
450 3606 576 3660 immiaeo
594 3621 616 3659 s.
670 3605 868 3674 laubniss,das
882 3603 1058 3673 gafahrliche
1072 3604 1231 3661 Vorreoht'.

58 3679 83 3727 3.
104 3679 129 3728 8.
149 3681 173 3728 3.
671 3677 765 3731 lltwas
788 3676 889 3730 anders
911 3680 936 3728 3.
961 3681 1003 3729 12.
1028 3679 1073 3729 lo:
1097 3676 1232 3732 libertatis

94 3750 137 3797 23.
166 3736 315 3801 exolevit.
354 3747 391 3801 So
411 3747 527 3803 bildlich
545 3748 618 3803 auch
670 3750 702 3802 tn
720 3747 888 3802 adsuessendo
907 3762 968 3816 repe
985 3747 1030 3800 ius
1047 3747 1152 3801 111111.

57 3816 105 3868 bei
132 3815 238 3885 Livius3
267 3817 362 3872 Cicero
390 3819 511 3874 braacht
536 3819 618 3874 daftir
706 3824 749 3875 27.
768 3819 949 3886 faciebam,
966 3817 1045 3900 impf.
1066 3817 1102 3871 de
1121 3820 1230 3872 conatu

57 3887 196 3944 obsoleseo.
238 3889 291 3944 Mit
316 3891 465 3959 persp-isa
491 3891 530 3945 ist
555 3891 617 3945 hier
671 3890 736 3960 Vgl.
755 3890 826 3943 auch
844 3887 922 3943 Brut.
941 3888 971 3942 in
989 3888 1044 3944 Cro.
1065 3904 1129 3958 epp.
1150 3894 1191 3944 11.
1207 3895 1231 3944 1.

57 3957 104 4010 die
131 3959 305 4027 griechische
330 3961 452 4032 Spracbe
482 3963 616 4031 gemeint,
672 3969 839 4030 6111911111
865 3960 1002 4014 inediam
1026 3961 1063 4014 aa
1084 3960 1232 4028 scemam

56 4026 164 4083 welche
182 4033 255 4085 nach
279 4039 304 4087 9.
323 4038 358 4087 36
378 4032 424 4095 die
442 4032 617 4103 siegreichen
670 4031 1231 4097 011111114111111111111111111.

55 4100 235 4156 Macedonier
258 4103 359 4158 ebenso
376 4103 473 4158 lernen
491 4107 617 4158 mussten
670 4134 703 4144 —
736 4103 874 4171 dipns'or
909 4103 991 4155 mihi
1024 4100 1230 4156 Ateeaader.

55 4171 110 4225 wie
125 4172 498 4244 dievonihnenbesiegten
510 4175 617 4229 leker
669 4174 795 4229 Deutsch
818 4188 942 4242 nupera:
972 4173 1034 4240 mir
1053 4171 1175 4226 sehien
1197 4189 1231 4227 es

54 4244 86 4296 in
105 4243 505 4312 EuropaundVorderasien.
670 4243 902 4299 Alexanders
934 4243 1117 4313 wtirdiger,
1154 4242 1232 4298 dass

93 4318 136 4368 24.
152 4316 341 4382 defendere,
351 4314 617 4386 rechtfertigen,
671 4331 706 4369 er
719 4333 745 4369 u.
757 4333 777 4369 s.
788 4334 822 4371 w.
834 4345 867 4355 -
877 4315 1041 4388 diductas
1054 4313 1108 4370 mit
1117 4313 1232 4384 doppel-

55 4385 110 4439 wie
131 4393 155 4441 t.
172 4391 195 4438 1.
215 4393 262 4453 213
284 4402 416 4456 purpure,
434 4385 618 4442 11111111111
670 4389 728 4440 tem
742 4385 1144 4456 aoc.wiededipaatur11.23.
1169 4385 1231 4441 Β11·
