2790 4792
395 239 648 295 HISTORIARUM
667 239 882 295 ALEXANDRI
899 239 938 310 V,
957 246 981 296 9.
1210 243 1273 307 201
1342 306 1346 311 .

101 400 181 465 lium
208 402 403 486 suppetebat
425 406 481 466 aut
504 424 578 466 vox:
615 423 687 466 cum
710 402 904 487 Artabazus,
936 405 1173 470 vetustissimus
1197 407 1276 470 ami-

103 513 226 575 corum,
258 512 352 576 quem
383 490 544 574 hospitem
576 491 676 555 fuisse
706 491 847 576 Philippi
879 515 975 576 supra
1008 494 1159 579 diximus,
1191 493 1275 560 ‘Nos

102 579 199 663 vero’,
230 580 347 664 inquit,
380 577 658 662 ‘pretiosissimam
681 584 804 644 restem
826 581 931 646 induti
954 583 1128 667 armisque,
1154 588 1275 667 quanto

101 669 243 733 maximo
271 669 360 732 cultu
385 689 569 751 possumus,
601 668 750 732 adornati
777 690 886 753 regem
913 670 948 733 in
974 671 1075 735 aciem
1099 692 1277 755 sequemur,

102 778 140 821 ea
167 756 297 841 quidem
324 759 446 839 mente,
477 759 514 819 ut
541 757 708 821 victoriam
732 779 908 841 speremus,
941 763 1078 823 mortem
1099 781 1166 823 non
1188 781 1276 824 recu-

102 843 231 909 semus'
267 845 417 908 Adsensu
440 866 591 927 excepere
614 845 711 909 ceteri
732 845 817 909 hanc
839 868 960 929 vocem,
983 848 1038 910 sed
1060 845 1276 930 Nabarzanes,
1295 869 1311 916 a

102 934 157 1018 qui
180 934 215 996 in
238 933 350 997 eodem
374 933 509 997 consilio
533 937 611 1016 erat,
634 955 707 998 cum
721 932 821 999 Besso
844 935 983 998 inauditi
1005 940 1100 999 antea
1122 936 1276 1000 facinoris

102 1023 258 1087 societate
285 1022 367 1085 inita
398 1042 508 1106 regem
544 1044 637 1086 suum
668 1043 726 1105 per
756 1022 887 1106 milites,
920 1024 1036 1107 quibus
1064 1024 1158 1089 ambo
1185 1047 1276 1108 prae-

102 1115 209 1194 erant,
238 1110 496 1192 conprehendere
520 1114 553 1173 et
575 1111 696 1174 vincire
720 1110 940 1193 decreverant,
968 1133 1006 1176 ea
1028 1115 1148 1196 mente,
1176 1117 1226 1196 ut,
1250 1114 1277 1176 si

101 1198 286 1262 Alexander
308 1199 396 1281 ipsos
419 1199 582 1263 insecutus
604 1198 702 1282 foret,
724 1199 844 1263 tradito
867 1221 943 1284 rege
966 1201 1038 1264 vivo
1062 1200 1183 1264 inirent
1205 1222 1277 1287 gra-

101 1288 182 1351 tiam
206 1287 351 1371 victoris,
374 1288 485 1371 magni
506 1286 651 1370 profecto
676 1288 798 1370 cepisse
826 1286 968 1353 Dareum
991 1288 1202 1373 aestimaturi,
1226 1291 1277 1353 sin

101 1379 211 1439 autem
240 1398 312 1439 eum
341 1376 480 1460 effugere
507 1376 702 1458 potuissent,
733 1376 904 1441 interfecto
926 1375 1033 1441 Dareo
1055 1398 1191 1462 regnum
1213 1379 1277 1462 ipsi

102 1467 298 1548 occuparent
329 1465 511 1548 bellumque
541 1468 742 1529 renovarent.
786 1463 859 1528 Hoc
886 1466 1093 1549 parricidium
1121 1488 1193 1531 cum
1221 1467 1311 1533 diue

101 1554 314 1636 volutasscnt‚
336 1551 544 1617 Nabarzanes
568 1552 691 1616 aditum
714 1552 856 1616 nefariae
875 1555 945 1636 spei
962 1576 1168 1638 praeparans,
1192 1553 1276 1621 ‘Scio

102 1642 176 1727 mc',
203 1643 321 1726 inquit,
350 1641 556 1706 ‘sententiam
583 1661 653 1704 esse
675 1640 834 1704 dicturum
857 1641 963 1725 prima
986 1644 1090 1726 specie
1112 1644 1277 1728 haudqua-

103 1754 201 1815 quam
225 1732 356 1796 auribus
380 1731 444 1794 tuis
467 1732 602 1814 gratam.
635 1727 697 1792 Sed
720 1728 836 1792 medici
858 1751 985 1813 quoque
1009 1732 1173 1814 gravimes
1192 1754 1277 1796 mor·

103 1821 162 1885 bos
196 1820 319 1902 asperis
350 1819 498 1883 remediis
531 1820 646 1882 curant
678 1820 710 1879 et
741 1816 952 1901 gubemator‚
988 1819 1044 1882 ubi
1070 1820 1276 1904 naufragium

102 1909 210 1991 timet,
241 1910 378 1991 iactura,
406 1906 560 1991 quidquid
585 1906 705 1969 serrari
726 1908 848 1989 potest,
879 1905 1017 1969 redimit.
1061 1906 1134 1991 Ego
1157 1912 1313 1992 tamen,4

102 2018 171 2061 non
198 2000 235 2060 ut
263 1997 416 2060 damnum
439 1995 568 2079 quidem
590 1993 703 2077 facias,
731 1992 863 2077 suadeo,
891 1994 946 2057 sed
969 1998 1006 2059 ut
1027 1998 1059 2059 te
1084 2016 1121 2059 ac
1143 2016 1277 2080 regnum

103 2088 196 2149 tuum
224 2085 344 2149 salubri
371 2083 495 2147 ratione
524 2103 702 2147 conserves.
746 2081 806 2146 Dis
830 2082 972 2147 adversis
994 2082 1115 2148 bellum
1136 2084 1277 2167 iniimus,

104 2177 137 2237 et
163 2174 312 2257 pertinax
338 2172 468 2237 fortuna
494 2171 609 2235 Persas
638 2191 752 2255 urgere
780 2193 846 2235 non
873 2170 1001 2236 desinit.
1044 2170 1147 2237 Novis
1174 2173 1276 2236 initiis

104 2266 137 2325 et
169 2262 330 2326 ominibus
363 2283 444 2344 opus
476 2263 534 2324 cst.
584 2258 773 2342 Auspicium
806 2264 838 2323 et
867 2260 1037 2343 imperium
1064 2261 1193 2325 interim
1222 2261 1277 2325 alii

102 2350 208 2434 trade,
241 2350 296 2433 qui
322 2349 447 2413 tamdiu
473 2369 529 2411 rex
557 2348 748 2432 appelletur,
781 2347 880 2412 donec
903 2349 983 2413 Asia
1011 2350 1143 2413 decedat
1164 2350 1278 2433 hostis,

103 2440 206 2502 victor
233 2438 347 2501 deinde
373 2457 510 2522 regnum
536 2436 597 2500 tibi
624 2435 745 2500 reddat.
789 2435 861 2501 Hoc
889 2442 997 2501 autem
1020 2438 1110 2502 brevi
1131 2439 1312 2505 futurum5

102 2527 186 2591 ratio
218 2525 389 2610 promittit.
437 2525 556 2589 Bactra
587 2525 711 2589 intacta
743 2527 831 2609 sunt,
862 2522 936 2589 Indi
968 2530 1001 2589 ci
1027 2523 1127 2590 Sacae
1156 2527 1191 2590 in
1219 2530 1277 2590 tua

103 2702 199 2754 Artax.
220 2699 312 2755 Ochus
335 2701 446 2769 empdrt
467 2699 525 2753 und
547 2716 606 2754 war
629 2717 662 2752 au
752 2703 777 2751 3.
805 2699 934 2751 aditam
959 2699 1032 2766 spei
1052 2714 1277 2766 praeparans,

102 2771 217 2841 Philipp
235 2788 291 2826 von
304 2770 488 2826 Macedonian
500 2770 661 2841 gefldchtet.
716 2768 770 2822 den
788 2768 861 2838 Weg
879 2768 1010 2822 bahnend
1030 2786 1078 2822 zur
1095 2769 1277 2840 Ausfdhrung

103 2843 192 2897 Unter
214 2842 316 2897 Darius
336 2841 449 2897 (lodoin.
473 2842 607 2911 gelangte
632 2857 662 2894 er
716 2839 766 2894 des
792 2839 905 2906 Planes;
937 2855 1010 2908 spes
1037 2865 1071 2885 =
1098 2856 1140 2894 rcs
1166 2846 1277 2909 spania

103 2913 207 2968 wieder
225 2932 259 2967 au
276 2914 364 2968 hoher
377 2913 451 2967 Ehre
469 2912 527 2966 und
544 2911 607 2982 galt
619 2911 662 2965 als
715 2909 754 2964 ist
770 2911 925 2965 allerwitrts
944 2910 1048 2981 hbufig.
1072 2943 1106 2951 -
1130 2911 1276 2979 iactura,

104 2984 153 3038 der
171 2985 280 3039 oberste
299 2984 369 3038 aller
381 2982 577 3038 Hofbeamten.
598 2981 662 3036 Van
714 2982 735 3035 t.
754 2982 775 3035 t.
803 2981 848 3035 fiir
870 2981 919 3036 das
938 2981 1205 3038 Ueberbordwerfen
1228 2982 1278 3038 der

104 3055 199 3109 seinen
213 3055 325 3109 Siihnen
343 3054 471 3109 erwiihnt
483 3054 513 3108 C.
531 3054 592 3108 drei
609 3052 663 3107 mit
716 3050 929 3123 Schiffsladung.

103 3125 211 3192 Ehren;
243 3142 299 3180 von
321 3125 417 3180 seinen
439 3125 580 3180 Tochtern
606 3141 665 3178 war
753 3130 778 3177 4.
810 3140 865 3193 apo
892 3129 1007 3178 tannen.
1048 3123 1176 3178 Connexr
1204 3123 1277 3178 doch

104 3196 150 3250 die·
161 3196 222 3251 eine
233 3195 369 3265 (Barsine)
384 3195 529 3251 Memnone
537 3194 663 3263 Wittwe,
716 3194 848 3264 verlange
861 3193 909 3248 ich
922 3193 1002 3248 nicht
1015 3193 1127 3261 einmal,
1146 3194 1233 3247 etwas
1244 3212 1277 3247 zu

105 3267 166 3321 eine
189 3267 287 3321 aweite
305 3266 383 3321 ward
402 3268 497 3335 spttcr
515 3265 664 3320 Gemahlin
717 3264 845 3332 opfern.
864 3296 897 3303 -
921 3266 1088 3333 dannan,
1107 3264 1277 3317 auriickwei-

104 3337 154 3391 des
175 3338 353 3392 Ptolemaeus
375 3337 459 3408 Lagi,
492 3336 553 3391 eine
579 3336 664 3390 dritte
717 3333 785 3388 send
803 3333 856 3388 auf
869 3336 987 3388 iactura.
1007 3365 1039 3373 -
1061 3335 1224 3402 pertinax
1242 3360 1276 3380 =

105 3408 153 3462 des
171 3408 320 3464 Eumenes.
353 3407 445 3463 Ucber
463 3406 579 3462 Barsine
597 3425 619 3462 s.
639 3412 663 3461 3.
716 3403 938 3473 hartnackig‚
956 3403 1200 3472 unerbittlieh3
1218 3404 1276 3475 vgl.

105 3485 147 3532 13.
169 3485 209 3533 14.
246 3479 401 3534 Artabazus
424 3495 483 3532 war
501 3478 610 3532 damals
628 3482 663 3531 95
716 3474 783 3529 Hor.
798 3491 882 3529 carm.
902 3480 926 3528 3.
937 3480 980 3528 29.
994 3480 1027 3530 50
1045 3476 1109 3542 fori.
1124 3477 1220 3531 ladam
1233 3478 1276 3531 in·

104 3548 189 3604 Jahre
204 3550 253 3606 alt.
264 3581 297 3589 -
316 3566 420 3618 capra
434 3549 590 3615 dicimus,
604 3548 663 3602 also
716 3546 842 3600 colentem
859 3545 951 3600 indere
967 3547 1106 3613 pertinen.
1125 3579 1158 3587 -
1181 3549 1277 3602 nocis

104 3620 180 3674 wohl
201 3619 241 3674 im
262 3627 286 3676 1.
304 3620 373 3675 oder
390 3626 414 3675 2.
434 3619 521 3673 Buch.
549 3649 583 3658 -
610 3620 663 3673 in·
717 3617 883 3670 initiis=
902 3617 1035 3685 auspiciis
1052 3619 1130 3672 noan
1149 3618 1277 3674 odnoco

104 3692 179 3745 dnii
197 3710 218 3745 s.
236 3690 309 3746 Einl
329 3695 352 3755 ξ.
372 3691 443 3745 aad.
717 3703 799 3755 acano
822 3688 887 3742 aliis
909 3689 1043 3756 auspiciis
1059 3690 1180 3745 initiato.
1211 3689 1237 3743 V
1257 3689 1275 3744 l.

140 3768 165 3816 2.
179 3762 411 3831 Nabarzanes,
431 3779 452 3815 s.
467 3762 540 3817 oben
553 3767 577 3816 3.
586 3765 663 3827 7.12;
717 3758 807 3812 initiis
819 3758 924 3813 Tiberii
932 3759 1046 3824 auditis,
1058 3707 1276 3813 ‘auidieKunde

105 3832 165 3887 Arr.
192 3834 280 3886 neunt
311 3833 352 3886 als
380 3832 487 3886 dritten
511 3831 664 3886 Verre-ther
716 3844 782 3882 vom
792 3827 1068 3900 Regiernngsantritt
1081 3829 1194 3897 desT.'‚
1210 3829 1275 3885 Tac.

104 3903 278 3969 Barsaentes
296 3903 532 3958 Statthaltervon
540 3902 663 3958 Aracho-
717 3915 780 3953 ann.
797 3906 821 3952 1.
838 3905 879 3954 16.
898 3931 932 3940 —
955 3901 1058 3968 ratio,
1078 3899 1148 3953 ‘ein
1167 3898 1276 3954 einfa·

104 3972 171 4027 sien.
204 4005 237 4013 -
270 3975 500 4040 decreverani;
532 3972 663 4044 Snbjekt:
717 3969 953 4036 chercalcul'3
972 3968 1278 4038 ebensopcrsonificirt

103 4045 285 4099 Nabarzanes
302 4061 364 4099 cnm
381 4045 473 4101 Besso.
498 4045 590 4100 Ucber
607 4044 664 4098 den
716 4041 794 4096 steht
810 4041 884 4095 ratio
903 4040 975 4095 auch
993 4040 1039 4094 bei
1057 4038 1126 4108 Irin,
1145 4057 1166 4092 a.
1185 4039 1216 4092 B.
1232 4046 1275 4094 26.

103 4115 200 4169 Plural
218 4115 266 4168 des
284 4115 434 4172 Pracikaa
453 4135 473 4172 s.
492 4115 565 4170 Einl.
584 4121 607 4181 ξ.
619 4121 662 4170 25.
718 4119 760 4167 19.
778 4119 802 4168 2.

104 4217 136 4224 —
147 4188 336 4251 insecutam
351 4189 458 4257 insequi
471 4213 505 4233 =
520 4186 579 4241 auf
590 4186 663 4239 dem
753 4190 777 4240 ὅ.
801 4183 918 4250 Sacae,
944 4179 1100 4251 persischer
1117 4180 1208 4236 Name
1229 4180 1276 4236 fiir

103 4256 206 4311 Fusse
243 4257 468 4329 nachfolgen,
501 4256 663 4327 jemandem
717 4255 763 4310 dr'e
781 4255 928 4311 Nomaden
946 4253 1066 4318 Tarans,
1084 4249 1276 4322 griech.2nd-

104 4328 154 4382 auf
171 4327 227 4381 den
235 4326 340 4381 Fersen
353 4330 419 4384 sein.
445 4329 540 4384 Deher
553 4327 596 4382 oft
608 4326 665 4382 fast
716 4329 778 4380 θαι.
798 4358 831 4367 -
850 4331 899 4382 tot
916 4324 1083 4380 exercitas
1104 4340 1132 4378 a.
1151 4328 1200 4379 tot
1217 4326 1275 4380 mi-

103 4398 197 4467 gleich
217 4399 279 4463 ad,
298 4401 430 4468 consequi.
718 4396 768 4452 lia
789 4397 855 4454 sind
875 4395 1012 4468 Obie'ute.
1042 4425 1078 4435 ·-
1112 4395 1158 4449 ad
1178 4411 1297 4449 renco.
1335 4474 1339 4491 Ι
