2790 4792
173 232 236 296 112
626 234 657 298 Q.
677 231 786 288 CURTI
804 232 890 287 RUFI

135 417 152 464 3
259 394 383 460 Dareus
415 395 520 460 media
551 396 617 460 fere
648 399 742 460 noete
772 394 894 459 Arbela
925 397 1128 478 pervenerat,
1165 393 1342 476 eodemque

171 505 308 569 magnae
335 485 437 568 partis
466 486 641 549 amicorum
665 484 732 548 eius
756 506 793 548 ac
815 483 956 548 militum
977 483 1089 567 sugam
1111 482 1241 546 fortuna
1265 505 1340 547 eon·

12 570 32 657 J
108 573 305 656 ’4pulerat
356 572 478 649 Quibus
506 573 688 638 convocatis
720 573 866 656 exponit,
896 572 982 636 haud
1010 571 1156 636 dubitare
1185 594 1232 655 se,
1264 572 1344 654 quin

171 661 353 725 Alexander
380 662 602 726 celeberrimas
626 660 721 725 urbes
745 681 904 746 agrosque
928 661 1015 726 omni
1039 660 1131 743 copia
1153 682 1260 724 rerum
1285 660 1342 724 ab·

171 750 328 814 undantes
350 751 510 834 petiturus
534 754 632 815 esset:
660 749 813 833 praedam
837 750 978 832 opimam
1000 753 1210 832 paratamque
1233 749 1342 833 ipsum

131 846 152 909 '5
172 844 204 903 et
234 840 353 902 milites
386 839 453 903 eius
487 842 639 922 spectare.
683 837 721 902 Id
754 839 821 902 suis
851 838 947 903 rebus
980 838 1039 900 tali
1065 838 1100 901 in
1129 840 1215 901 statu
1244 837 1341 901 saluti

170 927 248 1010 fore,
272 926 389 1011 quippe
413 949 446 991 se
470 927 596 991 deserta
619 949 692 992 cum
715 927 863 1010 expedita
885 949 983 990 manu
1000 927 1185 1008 petiturum.
1215 925 1341 990 Ultima

171 1015 263 1100 regni
291 1016 341 1079 sui
368 1015 470 1080 adhuc
493 1017 616 1080 intacta
639 1037 722 1100 esse,
754 1016 827 1079 inde
849 1015 935 1079 bello
958 1016 1041 1079 vires
1063 1014 1150 1078 haud
1174 1035 1269 1099 aegre
1293 1036 1342 1077 re-

137 1128 152 1175 o
171 1108 367 1186 paraturum.
404 1103 583 1188 Occuparet
602 1126 678 1168 sane
697 1124 810 1189 gazam
829 1104 1016 1169 avidissima
1035 1123 1114 1187 gens
1135 1106 1166 1166 et
1185 1125 1223 1166 ex
1241 1103 1343 1187 longa

171 1191 256 1256 fame
281 1192 413 1258 satiaret
435 1214 469 1257 se
493 1215 585 1278 auro,
608 1216 683 1257 mox
705 1192 815 1257 futura
836 1192 974 1276 praedae
999 1191 1074 1256 sibi:
1106 1214 1167 1254 usu
1190 1190 1341 1255 didicisse

171 1281 347 1364 pretiosam
375 1281 604 1365 supellectilem
631 1282 811 1366 pelicesque
839 1285 872 1345 et
899 1280 1078 1364 spadonum
1105 1280 1236 1365 agmina
1258 1279 1343 1342 nihil

172 1369 259 1433 aliud
289 1369 404 1446 fuisse,
435 1392 531 1453 quam
564 1392 662 1435 onera
689 1373 722 1434 et
747 1369 981 1453 inpedimenta:
1019 1369 1130 1433 eadem
1158 1369 1343 1433 trahentem

138 1480 153 1528 ‘1
172 1457 399 1543 Alexandrum,
423 1459 539 1543 quibus
557 1458 653 1523 rebus
668 1462 764 1523 antea
776 1458 916 1543 vicisset,
935 1458 1118 1522 inferiorem
1132 1458 1211 1522 fore.
1242 1456 1344 1521 Plena

173 1547 322 1611 omnibus
346 1547 579 1630 desperationis
602 1546 770 1612 videbatur
793 1547 911 1632 oratio,
938 1546 1056 1632 quippe
1078 1545 1262 1630 Babylona,
1290 1568 1342 1608 ur-

172 1635 246 1699 bem
270 1637 560 1720 opulentissimam,
583 1636 656 1699 dedi
678 1636 897 1700 cernentibus:
933 1636 999 1700 iam
1023 1633 1118 1720 Susa,
1146 1635 1211 1699 iam
1235 1637 1344 1698 cetera

137 1745 153 1794 8
173 1727 360 1788 ornamenta
382 1725 483 1810 regni,
504 1746 635 1788 causam
657 1725 744 1809 belli,
766 1724 922 1789 victorem
945 1727 1183 1808 occupaturum.
1219 1721 1265 1786 At
1288 1724 1342 1786 ille

173 1813 285 1877 docere
307 1814 414 1898 pergit
435 1835 502 1879 non
525 1813 670 1897 speciosa
686 1813 792 1891 dictu,
824 1814 880 1878 sed
902 1835 963 1876 usu
985 1812 1165 1876 necessaria
1188 1812 1222 1876 in
1245 1812 1341 1875 rebus

172 1901 315 1965 adversis
339 1901 501 1987 sequenda
524 1923 607 1966 esse:
636 1902 722 1966 ferro
746 1901 814 1987 geri
836 1901 935 1984 bella,
957 1922 1024 1966 non
1047 1923 1139 1985 auro,
1162 1900 1253 1984 viris,
1276 1922 1343 1964 non

171 1990 300 2053 urbium
332 1991 439 2055 tectis:
477 1991 586 2054 omnia
613 1991 702 2075 sequi
730 1993 880 2055 armatos.
926 1988 978 2053 Sic
1006 1990 1144 2054 maiores
1173 2011 1248 2053 suos
1271 2010 1342 2071 per-

173 2079 278 2141 culsos
304 2078 339 2140 in
365 2079 523 2162 principio
550 2100 658 2142 rerum
684 2078 829 2143 celeriter
855 2078 1025 2162 pristinam
1051 2099 1218 2161 reparasse
1240 2077 1341 2141 fortu-

138 2186 258 2237 9nam.
303 2165 409 2250 Igitur
440 2168 506 2232 sive
535 2167 732 2231 confirmatis
765 2189 875 2232 eorum
907 2166 1037 2250 animis,
1074 2166 1141 2231 sive
1170 2166 1342 2249 imperium

172 2255 277 2339 magis
302 2277 399 2339 quam
422 2255 592 2320 consilium
616 2256 822 2340 sequentibus
843 2255 967 2321 Mediae
990 2255 1070 2318 fines
1093 2255 1258 2340 ingressus
1283 2258 1341 2318 est.

3 2418 6 2425 Ι
121 2367 154 2415 10
262 2341 362 2408 Paulo
385 2346 461 2427 post
482 2342 664 2408 Alexandro
687 2343 807 2408 Arbela
828 2344 1009 2428 traduntur,
1031 2344 1121 2428 regia
1144 2342 1378 2426 supellectile2

173 2430 295 2515 ditique
318 2453 398 2517 gaza
418 2433 566 2516 repletae
591 2451 642 2496 1111
664 2433 753 2497 milia
775 2432 932 2496 talentum
954 2432 1057 2516 fuere,
1083 2435 1249 2515 praeterea
1271 2454 1341 2515 pre·

172 2624 241 2678 tias
260 2629 441 2694 ...potera
473 2624 581 2679 Litotes
612 2623 669 2680 fiir:
703 2641 731 2679 es
783 2625 841 2679 und
863 2624 958 2679 straffe
976 2623 1113 2692 Disciplin
1133 2625 1182 2678 der
1201 2624 1341 2694 Truppen,

172 2713 246 2749 muas
261 2695 411 2765 jedenfalls
429 2695 470 2750 als
488 2694 545 2750 viel
559 2712 730 2766 angemesse·
785 2695 830 2750 die
848 2695 951 2751 leichte
965 2694 1185 2765 Beweglichkeit
1199 2695 1248 2749 des
1262 2695 1342 2750 nicht

171 2782 221 2819 ner
240 2766 408 2823 erscheinen.
784 2765 1341 2836 durchmassenhafteBagagebeschwer·

208 2841 232 2889 3.
248 2842 463 2905 peruenerat,
481 2836 538 2905 vgl.
558 2843 582 2890 4.
605 2844 646 2891 16.
666 2843 690 2891 9.
720 2845 721 2848 ’
783 2837 1341 2906 tenHeereskbrpers.Uebersetze:‘thek-

208 2912 232 2960 4.
253 2909 307 2961 cel.
326 2908 435 2974 urbes,
454 2907 587 2961 zunbohst
596 2906 730 2977 Babylon,
785 2907 916 2963 sichtlich
948 2909 996 2962 der
1024 2907 1129 2977 Dioge,
1161 2908 1248 2961 durch
1276 2909 1342 2962 wel-

173 2975 248 3030 dann
261 2978 332 3032 auch
346 2976 511 3047 Persepolis,
524 2978 668 3032 Ecbatana
678 2980 730 3033 etc.
750 3032 753 3038 ,
785 2980 847 3034 che’
873 2980 925 3034 etc.

173 3078 207 3086 —
226 3054 375 3117 spectare
398 3073 431 3093 =
454 3048 577 3102 hatten
601 3066 662 3103 nur
685 3048 730 3103 im
821 3057 844 3104 7.
864 3051 941 3104 dedi
959 3075 993 3094 =
1012 3049 1073 3103 dass
1091 3048 1226 3117 (hiermit)
1246 3049 1342 3119 auigc

172 3119 274 3190 Auge.
298 3151 331 3160 -
354 3120 495 3187 opimam
509 3125 731 3189 paratamque
782 3121 874 3191 geben
890 3119 991 3175 werde.
1011 3151 1043 3159 -
1063 3136 1195 3175 causam
1214 3121 1293 3174 belli
1307 3145 1341 3166 =

173 3216 207 3236 =
225 3191 303 3246 reich
325 3191 382 3244 und
404 3192 476 3245 noch
499 3188 569 3244 dazu
591 3207 620 3245 so
644 3191 731 3246 leicht
783 3208 898 3262 qaorum
916 3207 1000 3245 ceusu
1018 3191 1115 3245 bellam
1132 3196 1285 3258 susceptum
1303 3208 1341 3245 es·

172 3281 205 3316 zu
245 3262 408 3332 gewinnen,
457 3262 643 3317 unbeschiitzt
683 3264 731 3318 da·
781 3269 828 3318 set.
866 3262 903 3317 So
929 3261 1048 3316 brauoht
1074 3261 1147 3315 auch
1168 3261 1264 3315 Livius
1288 3262 1342 3316 den

170 3332 291 3402 liegend.
784 3333 915 3404 singular
937 3348 1022 3388 causa
1046 3331 1075 3385 in
1097 3333 1190 3402 Bezug
1213 3333 1263 3387 auf
1280 3333 1341 3387 eine

208 3409 232 3460 5.
252 3405 335 3459 bello
353 3406 454 3469 uires,
472 3403 544 3458 Einl.
564 3409 587 3468 §-
608 3410 671 3460 28a.
782 3404 924 3460 Mehrheit
946 3421 1002 3458 von
1025 3402 1179 3472 Subjekten
1201 3404 1261 3471 (nos
1280 3405 1343 3457 belli

208 3481 232 3529 6.
251 3491 328 3529 ocae
347 3474 581 3528 =immerhin
608 3475 730 3530 Soaueh
783 3492 868 3530 causa
892 3491 985 3529 scmus
1012 3493 1039 3528 u.
1058 3474 1135 3543 dgl.).
1172 3473 1227 3527 Zur
1251 3473 1341 3529 Saohe

173 3553 197 3600 6.
217 3552 242 3599 9.
261 3552 308 3612 36;
342 3551 462 3600 6.10.9
491 3546 549 3599 und
571 3545 666 3615 hhufig
683 3545 730 3600 bei
783 3547 840 3616 vgl.
863 3546 1066 3600 Arr.3.16.2
1093 3545 1143 3598 τοῦ
1166 3543 1290 3614 πολέμου
1309 3541 1340 3598 τὸ

173 3615 338 3671 Classikem.
376 3647 409 3656 -
445 3632 560 3686 puram
588 3617 614 3670 d.
637 3616 656 3670 i.
684 3616 729 3670 dic
782 3609 874 3671 ἆθλον
900 3611 918 3686 ἡ
946 3611 1080 3686 Βαβυλών
1108 3614 1156 3669 καὶ
1184 3610 1219 3669 τὰ
1243 3617 1341 3670 Σοῦσα

173 3687 290 3742 Schatze
308 3687 356 3741 des
374 3686 503 3753 Reiches3
522 3687 572 3741 der
589 3686 729 3757 Singular,
784 3683 925 3757 ἐφαίνετο.

171 3760 237 3814 weil
259 3758 313 3813 alle
340 3776 392 3811 nur
420 3757 511 3812 einem
532 3756 655 3812 Besitzer
681 3774 729 3827 ge·
818 3765 843 3813 8.
871 3759 1021 3827 speciosa
1047 3758 1154 3821 dictu,
1188 3756 1254 3811 ‘das
1281 3775 1340 3812 was

171 3831 266 3885 horon.
286 3860 319 3869 -
352 3845 389 3883 ec
415 3830 516 3898 louqc
538 3830 637 3895 fame,
665 3829 729 3883 dem
782 3830 851 3884 stola
877 3848 903 3883 u.
928 3828 1067 3882 rtihmlich
1089 3827 1205 3894 lautet'3
1239 3829 1341 3883 ebenso

172 3901 256 3955 Sinna
274 3900 345 3954 nach
365 3925 399 3945 =
413 3905 478 3968 post
496 3901 604 3968 {capam
622 3900 727 3967 famem.
781 3899 841 3954 Liv.
862 3906 886 3963 1.Ι
906 3905 947 3954 23.
969 3906 992 3954 7.
1012 3931 1045 3938 —
1072 3900 1166 3968 sequi
1184 3905 1340 3968 armatos,

171 4002 204 4010 —
224 3971 395 4053 didicisse.
419 3970 471 4054 ΙΖιι
494 3975 630 4039 ergbnzen
647 3969 685 4025 ist
701 3988 728 4026 sc
782 3971 808 4025 d.
827 3971 855 4025 h.
882 3970 974 4041 hange
997 3971 1033 4025 ab
1056 3987 1111 4024 von
1135 3970 1188 4023 den
1206 3969 1340 4041 Erfolgen

169 4039 728 4194 lddhpdili‘dirbjsdltbdimllirlinitiibidg,
781 4041 1003 4170 debHrlleerdlac.
1030 4111 1069 4165 Er
1086 4111 1142 4166 floh
1160 4112 1232 4166 nach
1251 4112 1339 4170 Ecba·

171 4184 243 4238 auch
265 4200 346 4238 wenn
364 4183 488 4238 dadurch
507 4199 568 4237 eme
587 4182 728 4237 Zwerdeu·
780 4186 911 4252 tanam,
930 4202 949 4239 s.
969 4190 995 4238 8.
1016 4190 1039 4238 1.

170 4253 274 4323 tigkeit
305 4255 436 4309 entsteht.
473 4253 500 4308 S.
533 4254 601 4309 uber
632 4253 728 4309 diesen
818 4262 859 4311 10.
879 4256 1094 4323 paulopost,
1123 4271 1169 4307 am
1187 4254 1248 4324 Tag
1266 4256 1339 4308 nach

164 4323 326 4378 &mosmos
342 4325 416 4380 Einl.
436 4331 459 4393 §.
473 4330 539 4381 35a.
555 4356 589 4364 -
608 4326 727 4396 quibus
780 4326 830 4381 der
849 4325 993 4394 Schlacht,
1012 4343 1032 4379 s.
1051 4324 1253 4379 111315.-
1273 4327 1340 4381 diti

143 4393 254 4448 rebus.
287 4394 424 4453 Gemeint
439 4397 480 4456 ist
499 4398 547 4456 die
564 4397 731 4473 Frugalit'at
783 4403 991 4455 33111111.-
1010 4412 1129 4464 supro,
1142 4396 1229 4450 numi.
1242 4402 1268 4450 4.
1279 4405 1305 4452 9.
1314 4403 1337 4451 9.
