2790 4792
390 223 644 279 HISTORIARUM
662 225 876 280 ALEXANDRI
895 226 933 296 V,
953 233 977 281 3.

1209 228 1272 291 183

94 409 212 470 porum
235 387 346 467 homo,
374 387 491 470 quippe
514 387 628 450 ultima
650 409 709 469 pro
732 387 792 450 fide
816 388 952 471 experiri
975 388 1165 454 decreverat.
1211 388 1273 454 Sed
1293 412 1308 459 5

96 476 194 558 periti
224 476 369 539 locorum
392 474 611 538 Alexandrum
647 475 778 559 docent,
820 478 980 540 occultum
1016 476 1078 541 iter
1114 499 1183 541 esse
1215 499 1273 561 per

93 564 195 627 calles
219 567 252 626 et
274 584 420 627 aversum
444 563 485 626 ab
508 563 600 627 urbe:
629 564 655 626 si
678 586 798 646 paucos
821 565 965 628 misisset
985 564 1100 628 leviter
1122 571 1273 647 armatos,

94 673 196 734 super
215 652 323 734 capita
339 651 482 715 hostium
502 673 663 715 evasuros.
700 650 780 716 (lum
799 653 970 717 consilium
987 653 1170 736 placuisset,
1187 654 1273 718 idem
1292 677 1308 723 c

94 741 250 803 itinerum
277 739 408 803 fuerunt
434 739 539 803 duces.
584 757 610 802 M
633 743 666 804 et
687 759 712 802 1)
735 741 879 804 mercede
908 741 1056 805 conducti
1080 744 1113 803 et
1134 741 1273 825 Agriani

96 828 163 891 fere
188 845 214 891 Μ
237 826 380 891 Tauroni
409 828 572 910 praefecto
600 828 668 891 dati
698 850 735 892 ac
761 833 837 911 post
864 830 941 893 solis
969 850 1118 892 occasum
1141 829 1202 893 iter
1224 831 1272 893 in·

96 915 189 999 gredi
216 915 315 978 iussi.>
349 914 423 998 lpse
444 917 541 979 tertia
563 916 675 1000 vigilia
697 917 812 981 castris
835 918 932 982 motis
955 917 1040 982 circa
1061 918 1141 982 lucis
1165 922 1306 986 ortum?

96 1006 231 1086 superat
257 1004 425 1087 angustias
453 1025 608 1087 caesaque
631 1006 766 1068 materia
789 1006 931 1069 cratibus
955 1009 988 1069 et
1009 1006 1126 1089 pluteis
1149 1006 1271 1070 faciun-

94 1091 157 1174 dis,
181 1095 226 1172 ut,
250 1092 306 1174 qui
327 1095 432 1155 turres
456 1092 671 1174 admoverent,
694 1097 784 1157 extra
806 1094 863 1157 teli
885 1094 1005 1158 iactum
1024 1097 1139 1176 essent,
1161 1094 1273 1158 urbem

29 1244 31 1248 ⁴
97 1179 246 1244 obsidere
270 1181 384 1263 coepit.
424 1179 600 1263 Praerupta
623 1185 715 1244 erant
738 1183 847 1246 omnia
871 1183 957 1246 saxis
980 1187 1013 1246 ct
1036 1182 1161 1246 cotibus
1184 1182 1307 1265 inps-s

93 1267 175 1332 dita.
212 1267 325 1332 Multis
349 1289 425 1352 ergo
449 1269 633 1333 vulneribus
657 1269 790 1352 depulsi,
813 1273 850 1334 ut
870 1271 985 1353 quibus
1003 1291 1070 1334 non
1088 1292 1160 1334 cum
1179 1271 1272 1334 hoste

98 1357 214 1440 solum,
238 1356 294 1419 sed
318 1357 414 1420 etiam
438 1377 510 1419 cum
532 1357 603 1420 loco
627 1357 843 1422 dimicandum
867 1364 960 1442 esset,
983 1359 1135 1422 subibant
1154 1361 1272 1440 tamen,
1291 1381 1307 1427 9

94 1445 175 1527 vquia
197 1465 255 1508 rex
276 1445 361 1508 inter
382 1445 504 1527 primos
528 1446 719 1509 constiterat
740 1447 959 1531 interrogans,
985 1450 1036 1510 tot
1058 1446 1187 1510 urbium
1209 1447 1272 1510 ric·

97 1536 185 1596 tores
219 1554 262 1595 an
295 1533 517 1597 erubescerent
543 1533 674 1597 haerere
700 1535 736 1597 in
763 1534 930 1598 obsidione
958 1535 1081 1599 castelli
1108 1535 1214 1618 exigui
1241 1540 1273 1598 et

97 1621 261 1705 ignobilis,
284 1622 379 1685 simul
398 1621 574 1685 admonens
595 1622 769 1686 Tauronem
787 1643 859 1687 moe
876 1623 1031 1687 auxilium
1048 1642 1109 1686 esse
1128 1623 1272 1686 11111111.

97 1708 188 1772 Inter
214 1708 294 1774 haec
323 1709 447 1773 eminus
474 1708 657 1791 petebatur:
695 1731 790 1794 quem
816 1711 978 1775 testudine
1006 1710 1132 1773 obiecta
1153 1710 1271 1773 milites

44 1804 85 1865 11
98 1835 140 1842 —
165 1801 202 1860 ut
224 1798 401 1882 decederet,
424 1798 599 1881 perpellere
620 1799 812 1881 nequierant
835 1836 877 1844 -
900 1798 1081 1862 tuebantur.
1126 1797 1270 1861 Tandem
1291 1819 1325 1866 10

97 1886 229 1950 Tauron
261 1907 356 1969 super
384 1907 490 1951 arcem
517 1886 605 1949 urbis
633 1907 666 1949 se
694 1907 767 1949 cum
795 1909 854 1951 suo
882 1886 1010 1971 agmine
1039 1885 1192 1949 ostendit:
1230 1885 1270 1948 ad

97 1975 188 2038 cuius
212 1979 420 2058 conspectum
443 1980 476 2038 et
497 1975 640 2038 hostium
663 1974 762 2038 animi
784 1976 894 2039 labare
912 1979 945 2038 et
957 1973 1147 2038 Macedones
1167 1973 1270 2036 acrius

95 2063 255 2146 proelium
278 2064 359 2127 inire
383 2066 565 2146 coeperunt.
605 2063 733 2146 Anceps
758 2064 937 2147 oppidanos
960 2061 1082 2126 malum
1104 2061 1270 2144 urguebat,
1291 2083 1322 2128 11

95 2173 156 2216 nec
180 2153 252 2215 sisti
274 2153 323 2215 vis
345 2152 487 2216 hostium
510 2155 646 2233 poterat.
691 2152 806 2216 Paucis
830 2153 870 2216 ad
893 2150 1103 2232 moriendum,
1124 2149 1270 2232 pluribus

96 2240 138 2303 ad
161 2239 272 2324 fugam
296 2240 422 2303 animus
444 2239 519 2323 fuit,
549 2260 668 2323 magna
691 2261 766 2323 pars
794 2240 828 2302 in
852 2261 957 2303 arcem
979 2237 1147 2303 concessit.
1191 2235 1269 2301 Inde

96 2347 167 2391 xxx
182 2328 365 2393 oratoribus
388 2327 496 2391 missis
520 2327 560 2391 ad
584 2328 819 2410 deprecandum
837 2329 929 2392 triste
947 2347 1137 2409 responsum
1157 2347 1176 2389 a
1194 2345 1269 2410 rege

97 2416 254 2480 redditur:
277 2438 343 2479 non
366 2437 437 2479 esse
460 2415 572 2479 veniae
595 2415 712 2479 locum.
746 2415 869 2499 Itaque,
893 2415 1124 2498 suppliciorum
1143 2435 1269 2496 quoque
1290 2435 1322 2481 12

96 2509 184 2568 metu
207 2504 360 2587 perculsi,
390 2504 431 2567 ad
455 2502 677 2587 Sisigambim,
705 2503 805 2568 Darei
827 2507 977 2585 matrem,
1005 2501 1131 2566 occulto
1154 2502 1269 2564 itinere

95 2594 273 2676 ignotoque
296 2592 445 2656 hostibus
469 2591 616 2668 mittunt,
639 2592 693 2674 qui
714 2594 874 2674 peterent,
898 2594 935 2653 ut
956 2591 1029 2671 ipsa
1051 2609 1160 2672 regem
1183 2588 1268 2651 miti-

92 2684 202 2764 garet,
228 2680 316 2743 haud
338 2679 458 2764 ignari,
485 2678 630 2761 parentis
654 2700 724 2742 eam
747 2681 819 2742 loco
842 2678 933 2762 diligi
956 2677 1090 2760 colique.
1135 2675 1180 2738 Et
1202 2675 1269 2738 Me-

96 2770 188 2832 dates
213 2768 333 2833 sororis
357 2768 425 2831 eius
448 2767 552 2830 filiam
575 2788 683 2831 secum
705 2767 913 2831 matrimonio
935 2766 1097 2846 iunxerat,
1126 2764 1268 2828 Dareum

95 2858 279 2940 propinqua
306 2857 500 2942 cognatione
530 2857 733 2940 contingens.
778 2855 843 2919 Diu
867 2853 1058 2938 Sisigambis
1087 2852 1268 2935 supplicum
1289 2874 1321 2921 13

95 2946 245 3028 precibus
278 2945 484 3029 repugnavit,
521 2945 667 3008 abnuens
700 2943 956 3027 deprecationem
987 2963 1048 3025 pro
1075 2941 1140 3006 illis
1175 2943 1267 3022 [non]

91 3101 141 3155 ein
151 3101 236 3154 Mann
245 3101 295 3155 der
305 3101 453 3167 Situaticn,
472 3100 656 3155 einschlauer

94 3172 252 3226 Berechner
269 3171 319 3225 der
336 3171 533 3226 Verh'altnisse.

132 3249 156 3295 5.
189 3243 290 3297 calles
322 3260 343 3294 1.
371 3249 396 3295 3.
422 3248 525 3296 10.1c.
554 3272 587 3282 -
615 3242 653 3295 ab

93 3314 188 3379 urbe,
206 3329 261 3366 von
279 3313 418 3368 welches?
454 3312 535 3366 Nach
554 3311 655 3365 Arrian

95 3385 195 3438 hatten
212 3382 258 3437 die
273 3382 362 3437 Uxier
379 3401 431 3436 nur
448 3382 561 3447 Dtrfer3
587 3383 655 3436 aber

90 3455 167 3508 auch
181 3453 288 3507 Diodor
300 3453 407 3523 spricht
419 3470 475 3507 von
489 3453 653 3507 stacten.-

91 3527 214 3579 Iccitcr
232 3529 391 3592 armatos,
410 3541 430 3576 1.
450 3529 474 3577 3.
495 3530 519 3577 3.
538 3529 580 3576 25.

131 3603 155 3650 6.
178 3596 330 3649 Tauroni
348 3612 369 3647 s.
389 3601 413 3648 8.
435 3601 476 3647 14.
497 3598 536 3646 15.

131 3673 154 3722 7.
172 3667 326 3731 cauterem
344 3665 414 3718 fiber
428 3664 482 3718 den
496 3664 553 3718 dat.
563 3680 620 3733 ger.
632 3681 653 3716 s.

94 3737 167 3791 Einl.
186 3742 209 3802 ξ.
228 3744 296 3792 181.
318 3769 349 3777 —-
369 3740 502 3789 castrat.
521 3736 653 3800 iactum,

93 3808 155 3862 hier
173 3808 414 3862 1111123111
427 3831 461 3851 =
476 3806 654 3876 geschiitzt

94 3896 152 3933 vor
171 3878 392 3933 Geschossen.

130 3957 154 4003 9.
168 3951 329 4004 subibunt
343 3973 377 3992 =
392 3947 431 4002 sie
444 3947 587 4000 klommen
597 3963 652 3999 em-

94 4020 246 4088 por31'iber
265 4037 308 4074 aa
327 4044 361 4064 =
380 4019 416 4073 ob
434 4017 521 4082 nicht,
540 4034 561 4069 s.
580 4016 653 4069 Einl.

91 4097 117 4155 ᾗ,
128 4097 162 4145 39
173 4091 199 4145 d.
227 4091 320 4145 Ueber
338 4091 526 4144 crubescere
544 4103 566 4140 e.
576 4087 651 4140 infin.

90 4162 191 4217 ebend.
212 4167 235 4226 ς.
255 4168 290 4215 34
302 4162 330 4215 b.
359 4192 392 4200 -
421 4176 565 4228 queue...
586 4163 653 4210 tue-

93 4234 225 4286 bantur.
259 4232 383 4286 ε11111111
403 4231 456 4284 die
476 4227 650 4282 Soldaten'

94 4306 160 4369 etc.;
178 4303 324 4357 thnlicher
341 4301 462 4355 Satabau
480 4307 504 4353 4.
524 4306 548 4353 6.
567 4305 651 4353 11--

91 4375 277 4442 decederet,
297 4373 398 4428 ebenso
410 4371 487 4426 Caes.
497 4371 524 4424 b.
534 4387 559 4438 g.
572 4377 594 4425 1.
608 4373 650 4423 44.

710 3107 741 3154 11
768 3100 840 3154 ohne
859 3101 929 3164 loco,
954 3100 1078 3152 11111111.
1112 3128 1146 3137 -
1178 3113 1266 3150 se.‚.

708 3173 854 3225 ostendit
868 3196 901 3216 =
915 3170 990 3222 11111
1008 3174 1058 3234 est,
1078 3185 1108 3221 1ο
1122 3168 1208 3220 schon
1222 3166 1269 3220 bei

709 3241 802 3296 (11111.

746 3318 786 3365 11.
805 3311 938 3364 animus
957 3307 1140 3375 =Neigung‚
1159 3306 1213 3360 mit
1231 3308 1268 3360 ud

707 3382 780 3435 auch
806 3387 910 3434 13.13.
947 3378 983 3431 So
1005 3377 1158 3431 vereinzelt
1181 3377 1268 3431 sehon

706 3450 753 3504 bei
772 3449 842 3517 Cic,
871 3469 893 3503 a.
911 3448 942 3501 B.
960 3447 990 3501 in
1009 3447 1087 3502 Verr.
1106 3454 1131 3501 3.
1153 3455 1215 3516 130,
1239 3466 1266 3517 p.

706 3521 787 3575 Font.
807 3527 854 3588 30,
881 3518 961 3572 nieht
983 3519 1049 3572 aber
1072 3517 1117 3572 bei
1137 3517 1221 3572 Ctsar
1238 3538 1265 3574 u.

707 3591 818 3645 Sallust.

743 3669 784 3715 12.
803 3661 1049 3730 scuppliciorum
1067 3676 1199 3729 qaoque,
1219 3661 1267 3714 ab·

706 3733 828 3802 geschen
845 3749 902 3786 von
920 3732 997 3798 dem,
1024 3748 1082 3784 was
1101 3731 1141 3784 sie
1158 3731 1205 3784 fiir
1222 3731 1267 3784 ihr

705 3804 786 3858 Laud
808 3803 867 3857 und
889 3803 950 3856 ihre
968 3802 1072 3856 Person
1096 3804 1172 3855 const
1193 3802 1266 3855 noch

704 3874 835 3928 ffirohten
851 3875 984 3927 konnten.
1013 3902 1046 3910 -
1079 3873 1155 3939 ipsa
1173 3897 1206 3916 =
1226 3872 1266 3926 sie

708 3943 969 4012 ‘hdchsteigen’.
990 3974 1023 3981 —
1055 3942 1174 4009 191111·
1198 3943 1267 4009 geht

707 4015 758 4069 auf
774 4015 823 4069 das
838 4013 957 4082 Subjekt
969 4014 1203 4067 111111111111.-
1221 4012 1251 4064 Ε
1255 4018 1267 4064 t

708 4087 866 4140 Medates.
907 4084 1072 4138 Uebersetze
1099 4081 1265 4150 passivisch:

706 4158 786 4211 Auch
795 4173 854 4210 war
862 4153 989 4208 Medates
998 4153 1139 4206 vermthlt
1147 4152 1201 4206 mit
1212 4158 1264 4206 etc.

705 4258 741 4267 —
755 4227 962 4296 propinqua.
981 4223 1091 4277 Ebenso
1105 4240 1186 4292 prop.
1207 4242 1265 4294 cop·

704 4301 828 4353 111116.
849 4304 890 4350 11.
912 4303 954 4351 20.
983 4293 1047 4364 Vgl.
1067 4295 1149 4363 loppa
1167 4311 1266 4366 copae·

705 4371 743 4423 uo
762 4376 787 4423 4.
808 4377 831 4423 1.
852 4375 894 4423 19.
1284 4358 1336 4504 Ι
