2790 4792
149 207 171 269 4
597 204 628 271 Q.
649 202 759 259 CURTI
777 205 872 260 RUFI.

149 371 304 455 augebat,
336 368 425 434 velut
452 367 491 434 de
519 367 679 432 industria
705 367 790 432 inter
817 367 1013 434 fortissimos
1041 367 1129 434 viros
1158 371 1323 434 certamen

97 471 129 519 10
150 462 307 544 aequante
334 458 474 523 fortuna.
525 455 676 522 Ceterum
703 457 875 541 angustiae
906 457 983 542 loci,
1016 456 1051 521 in
1079 480 1141 542 quo
1172 457 1324 523 haeserat

148 569 268 633 pugna,
288 568 355 610 uon
379 547 589 649 patiebantur
611 547 692 649 totis
715 545 842 632 ingredi
863 545 1001 612 viribus:
1030 547 1220 630 spectabant
1244 567 1322 631 ergo

98 728 129 774 1.
148 635 1204 791 10010.οθοῑ00001.1001010
1220 641 1353 789 000

148 816 369 900 languescere,
391 813 517 879 lubrica
541 835 631 878 arma
654 813 769 879 sudore
791 813 847 879 vix
871 813 1046 898 sustinens,
1070 812 1184 897 pedem
1208 813 1323 878 deinde

97 905 129 954 12
149 903 268 969 referre
292 903 400 987 eoepit
423 906 455 967 et
477 905 612 987 urgente
635 901 730 969 hoste
753 902 896 987 apertius
922 901 1043 987 fugere.
1089 902 1324 986 Insequebatur

151 992 326 1076 dissipatos
349 992 454 1057 victor
477 993 511 1055 et
534 1013 685 1057 emensus
709 1013 805 1057 cursu
829 1012 925 1059 omne
948 991 1105 1076 spatium,
1128 990 1214 1074 quod
1239 991 1324 1055 a'ciee

99 1083 132 1132 13
151 1081 314 1146 Laeonum
334 1081 530 1164 obtinuerat,
548 1080 655 1166 ipsum
669 1080 759 1166 Agin
778 1079 1039 1165 persequebatur.
1075 1079 1137 1144 Ille
1155 1082 1192 1143 ut
1210 1079 1324 1164 fugam

151 1191 283 1235 suorum
310 1173 344 1235 et
371 1168 536 1253 proximos
558 1167 702 1234 hostium
725 1169 908 1255 conspexit,
930 1167 1050 1254 deponi
1074 1190 1108 1232 00
1130 1168 1242 1233 iussit:
1274 1189 1325 1232 ex-

100 1261 134 1309 14
151 1262 326 1345 pertusque
345 1258 500 1341 membra,
520 1279 563 1322 an
580 1257 738 1342 impetum
757 1258 858 1323 animi
876 1257 968 1341 sequi
985 1260 1127 1341 possent,
1149 1261 1326 1341 postquam

152 1347 287 1413 deficere
302 1347 415 1431 sensit,
428 1345 609 1431 poplitibus
624 1349 727 1412 semet
741 1347 866 1430 excepit
879 1347 1038 1432 galeaque
1052 1350 1182 1412 strenue
1194 1349 1327 1429 sumpta

152 1437 257 1520 clipeo
281 1439 455 1521 protegens
479 1456 595 1519 corpus
616 1432 749 1500 hastam
768 1435 899 1500 dextera
917 1435 1077 1518 vibrabat,
1098 1435 1185 1499 ultro
1205 1456 1326 1499 vocans

101 1527 134 1577 15
153 1525 291 1609 hostem,
315 1524 344 1590 si
367 1525 439 1609 quis
462 1523 583 1590 iacenti
604 1523 710 1608 spolia
732 1524 860 1589 demere
879 1523 1021 1590 auderet.
1066 1523 1135 1590 Nec
1154 1523 1327 1607 quisquam

151 1613 229 1697 fuit,
259 1613 315 1697 qui
338 1614 516 1679 sustineret
537 1612 716 1679 comminus
740 1612 906 1698 congredi:
934 1613 1046 1697 procul
1069 1611 1247 1699 missilibus
1273 1610 1351 1675 ad·-

152 1702 339 1788 petebatur,
367 1723 405 1767 ea
427 1701 500 1785 ipsa
522 1702 557 1767 in
579 1700 708 1767 hostem
737 1705 940 1786 retorquens,
970 1702 1073 1767 donec
1100 1701 1214 1767 lancea
1241 1700 1328 1766 nudo

152 1793 277 1876 pectori
303 1791 403 1856 infixa
431 1793 496 1856 cst:
525 1813 589 1876 qua
617 1813 656 1855 ex
682 1791 815 1856 0010000
843 1789 952 1856 evolsa
975 1790 1167 1855 inclinatum
1191 1811 1228 1854 ac
1252 1789 1328 1853 defi-

153 1881 241 1946 ciens
273 1884 372 1965 caput
402 1879 507 1964 clipeo
539 1880 706 1964 paulisper
737 1879 874 1964 excepit,
906 1879 982 1944 dein
1012 1879 1178 1962 linquente
1212 1878 1329 1961 spiritu

103 1973 135 2022 16
154 1970 276 2055 pariter
300 1992 337 2036 ae
361 1969 521 2055 sanguine
542 1968 755 2034 moribundus
777 1968 813 2032 in
836 1989 926 2033 arma
948 1968 1131 2053 procubuit
1177 1964 1330 2032 Cecidere

154 2057 485 2124 Lacedaemoniorum
503 2081 524 2124 v
542 2057 633 2122 milia
651 2061 684 2123 et
702 2079 765 2142 ecc,
784 2078 823 2122 ex
835 2055 1067 2123 Macedonibus
1086 2055 1173 2121 haud
1188 2055 1330 2139 amplius

155 2147 259 2213 mille:
283 2149 424 2213 ceterum
446 2147 501 2212 uix
525 2147 695 2231 quisquam
717 2146 783 2211 nisi
806 2146 933 2211 saucius
956 2145 1091 2212 revertit
1113 2146 1147 2209 10
1169 2148 1286 2209 eastra.

245 2235 335 2301 Haec
352 2235 489 2300 victoria
506 2256 572 2300 non
586 2231 737 2319 Spartam
757 2235 853 2300 modo
872 2233 1040 2319 sociosque
1059 2234 1137 2315 eius,
1156 2233 1212 2299 sed
1231 2234 1361 2303 etiam3

106 2328 138 2377 11
159 2325 280 2409 omnis,
309 2323 364 2409 qui
390 2322 555 2390 fortunam
583 2323 662 2388 belli
685 2325 923 2407 spectaverant,
950 2322 1056 2409 fregit.
1102 2320 1171 2388 Nee
1193 2320 1331 2386 fallebat

157 2413 370 2498 Antipatrum
384 2411 555 2478 dissentire
571 2412 612 2476 ab
627 2412 743 2478 animis
757 2411 993 2496 gratulantium
1007 2413 1125 2495 vultus,
1139 2410 1196 2476 sed
1209 2411 1332 2475 bellum

158 2503 250 2568 finire
274 2501 418 2586 cupienti
441 2523 522 2586 opus
547 2505 616 2566 erat
639 2500 750 2584 decipi.
795 2500 841 2565 Et
858 2523 1055 2585 quamquam
1073 2500 1205 2566 fortuna
1223 2521 1332 2564 rerum

158 2592 319 2678 placebat,
340 2590 496 2656 iuvidiam
513 2593 632 2675 tamen,
654 2589 888 2674 quia-maiores
908 2593 1007 2676 erant,
1025 2611 1122 2675 quam
1141 2610 1221 2672 quas
1239 2609 1332 2673 prae-

197 2792 239 2840 10.
266 2784 414 2854 inpredi,
438 2783 550 2838 absolut
571 2802 605 2837 au
626 2783 721 2839 fassen
774 2781 900 2837 beaiffert
926 2782 981 2837 den
1005 2781 1238 2836 macedonisehen
1263 2781 1333 2835 Ver-

161 2855 473 2910 wieineedere3.9.12.
494 2853 617 2924 [Andere
630 2854 719 2909 lesen:
773 2853 832 2908 lust
850 2853 900 2909 auf
915 2859 985 2908 3000
1003 2851 1053 2920 11.;
1069 2852 1123 2907 den
1141 2853 1191 2906 der
1209 2851 1333 2906 Laceda-

163 2925 355 3049 eenprediiq-
369 2925 581 2993 spectabant,
596 2941 632 2979 se.
642 2940 720 2994 pece-
773 2923 882 2980 monier
900 2924 953 2980 wie
972 2922 1001 2979 G.
1021 2922 1161 2978 0010300.
1181 2955 1214 2962 -
1233 2924 1335 2977 etiam

163 2997 238 3051 liam.
313 2995 340 3050 ie
371 3010 466 3064 000000
493 2995 564 3049 Zahl
593 2995 643 3051 der
669 2995 720 3049 Zu-
774 3011 883 3051 omnes
905 2995 964 3066 qni
985 2995 1038 3051 ete.
1075 2992 1206 3050 Gemeint
1226 2992 1265 3048 ist
1283 2994 1334 3047 das

164 3066 288 3134 sehauer,
307 3064 353 3120 die
371 3065 424 3120 mit
441 3081 522 3136 roger
536 3064 720 3121 Theilnahme
774 3065 836 3121 iibri
857 3065 1092 3133 eGrieehenland,
1103 3065 1152 3120 das
1163 3064 1223 3119 sich
1237 3064 1336 3119 nieht

163 3135 343 3192 denVerlauf
350 3136 399 3192 der
409 3135 544 3192 Schlaeht
555 3137 720 3206 verfolgten,
774 3155 821 3192 am
869 3137 963 3208 ample
986 3137 1039 3192 mit
1061 3136 1115 3192 den
1136 3135 1336 3191 Macedoniern

162 3208 229 3264 liess
248 3207 323 3263 diese
338 3207 466 3278 eugleieh
479 3207 522 3262 als
536 3206 618 3263 einen
630 3224 721 3277 gross-
775 3208 925 3279 betheiligt
938 3209 1026 3264 hatte.
1041 3237 1075 3248 -
1087 3209 1140 3276 fre
1144 3209 1178 3277 pi
1182 3213 1195 3261 t
1208 3206 1262 3262 wie
1277 3205 1334 3262 Oia.

162 3279 271 3350 artigen
288 3278 469 3350 Wetthampf
484 3273 582 3350 (ἁγών)
602 3278 721 3334 erschei-
775 3297 802 3348 p.
828 3279 906 3334 Sulla
929 3284 962 3334 18
989 3280 1114 3349 planetae
1139 3279 1231 3333 animo
1255 3284 1336 3348 atqne

163 3368 225 3407 nen.
264 3351 328 3420 Vgl.
346 3355 534 3420 spectaverant
552 3355 566 3415 5
587 3357 627 3406 16.
774 3351 939 3422 frenabam
957 3349 1027 3421 Nep.
1047 3355 1072 3404 2.
1088 3357 1112 3404 1.
1128 3357 1152 3406 3.
1172 3350 1336 3405 contumelia

201 3428 242 3475 12.
260 3437 407 3477 emensas
424 3421 470 3476 fur
485 3437 643 3492 perennans
660 3439 681 3476 0.
696 3427 721 3478 4.
776 3437 836 3477 enm
849 3438 906 3477 nen
918 3423 1001 3493 saepit
1021 3423 1068 3477 sed
1081 3423 1175 3477 erexit.
1202 3421 1337 3490 Heufiger

164 3497 273 3575 141..
776 3491 815 3546 101
836 3491 882 3548 bei
904 3494 959 3549 den
981 3465 1141 3549 Classilrern
1163 3508 1206 3548 res
1226 3491 1337 3560 franpit

199 3567 242 3616 13.
260 3569 416 3631 enpetnn
430 3605 437 3618 .
452 3604 458 3616 .
474 3565 581 3634 sequi,
595 3563 723 3632 poetiseh
777 3564 913 3631 animan,
930 3565 1001 3621 atres
1018 3566 1146 3620 clientas.

162 3631 208 3687 1110
225 3633 357 3687 sustinere
370 3635 508 3704 impetam,
527 3634 576 3688 das
592 3633 620 3690 G.
635 3635 687 3690 hat
699 3641 725 3689 4.
816 3641 858 3690 1‘1.
881 3635 1064 3692 dissentire
1077 3662 1111 3682 =
1126 3638 1269 3693 abhorrere
1282 3637 1336 3692 mit

165 3708 260 3759 1012.
280 3703 644 3776 ZuvergleichenistVerg.
655 3705 724 3762 Aen.
778 3705 1335 3779 saehlichemSubjelrtistnaehclassisch.

164 3781 207 3830 12.
222 3781 273 3829 012
293 3791 349 3830 non
362 3790 473 3844 corpore
488 3781 568 3832 notae
579 3778 725 3846 snffinnnt
777 3775 839 3831 Den
851 3777 1020 3849 Uebergang
1037 3778 1132 3836 bilden
1146 3778 1336 3836 Constructio-

162 3848 235 3903 eires
247 3862 296 3901 nee
308 3850 421 3902 nannet
433 3848 515 3903 verba
527 3853 721 3918 sequnntur.
776 3862 834 3902 nen
850 3847 915 3904 wie:
939 3851 1046 3918 affectio
1070 3853 1335 3921 0000100αά1000οι-

199 3924 241 3973 14.
269 3933 302 3972 se
324 3919 455 3987 excepit
476 3918 529 3975 wie
554 3925 578 3974 0.
598 3924 623 3973 0.
642 3925 658 3974 8
677 3935 722 3974 ea·
776 3919 846 3974 tiens
863 3918 910 3975 bei
929 3917 984 3976 cis.
1003 3922 1073 3978 tusc.
1091 3928 1117 3979 4.
1137 3929 1179 3980 29.
1199 3954 1235 3964 -
1253 3939 1335 3993 opas

163 3994 268 4059 ceptam
281 3989 358 4059 popl.
382 4004 494 4059 corpas;
516 3989 575 4045 Liv.
595 3995 620 4044 4.
644 3995 685 4045 19.
705 3996 722 4044 4
776 3995 861 4060 erat,
888 3991 915 4048 d.
939 3992 968 4046 h.
990 3991 1134 4064 verlangte
1158 3994 1203 4049 die
1228 3996 1335 4052 810010-

162 4075 190 4115 00
208 4061 240 4115 e'n
253 4061 335 4130 pedes
353 4062 464 4130 0000001.
497 4060 561 4131 Vgl.
581 4060 721 4116 0001000-
774 4060 911 4132 klugheit.
932 4095 964 4104 -
988 4065 1131 4121 naiores
1154 4071 1273 4137 ergtnee
1292 4082 1335 4121 res

163 4132 292 4197 100010
312 4132 397 4201 alapae
415 4132 527 4201 aceepit.
546 4161 580 4171 —
598 4146 722 4187 necans
775 4148 826 4188 aus
843 4149 935 4189 enan
957 4133 1015 4190 und
1037 4135 1193 4192 ubersetze:
1221 4138 1333 4194 *110100-

163 4200 207 4255 1110
231 4219 384 4272 provocans
410 4203 499 4268 00101
525 4207 557 4257 10
585 4203 721 4272 linquente
774 4203 974 4275 nehmungen’.
1016 4205 1073 4262 Der
1095 4206 1233 4264 Indieativ
1256 4213 1335 4266 erant

163 4269 209 4324 1110
225 4275 390 4344 relnqnente
408 4292 429 4329 s.
449 4272 521 4328 Elinl.
540 4277 556 4340 0
577 4279 618 4329 18.
774 4272 872 4331 deutct
885 4291 929 4344 an,
943 4275 1008 4332 dass
1018 4277 1167 4350 Antipater
1176 4279 1265 4335 selbst
1274 4279 1335 4336 sich

77 4250 243 4504 ,16.
270 4361 308 4400 ea
328 4345 579 4402 Macedonibus.
616 4343 721 4400 Diodor
774 4344 1253 4422 derllrwtgungnichtverschloss,
1268 4351 1332 4407 dass
