2790 4792
133 188 199 252 184
579 187 611 255 Q.
631 187 740 242 CURTI
759 187 847 242 RUFI

131 351 266 415 vulnere
293 349 441 414 adflictus
469 371 590 434 magna
616 350 650 414 vi
677 351 846 433 sanguinis
874 352 1034 416 emicante
1064 352 1197 419 remisit
1225 375 1321 421 arma

133 438 327 504 moribundo
359 438 476 502 similis
513 438 658 522 adeoque
688 439 865 522 resolutus,
902 445 940 504 ut
974 461 1016 505 ue
1052 440 1097 506 ad
1128 442 1320 509 vellendum

79 550 112 597 11
133 527 263 612 quidem
285 527 387 591 telum
406 527 570 592 sufficeret
587 526 729 592 dextera
763 527 880 611 Itaque
898 527 940 593 ad
958 528 1169 612 spoliandum
1187 553 1321 616 corpus,

133 616 189 701 qui
221 615 463 697 vulneraverat,
495 616 604 680 alacer
635 615 755 700 gaudio
787 616 937 682 accurrit
987 616 1092 693 Quem
1123 623 1164 683 ut
1194 619 1319 685 inisere

131 705 259 788 corpori
286 725 345 768 suo
374 726 490 768 manus
518 704 635 786 sensit,
661 703 771 785 credo,
797 704 906 769 ultimi
928 704 1094 771 dedecoris
1116 707 1321 792 indignitate

132 796 315 858 commotus
338 792 539 877 linquentem
556 793 723 858 revocavit
741 793 887 858 animum
906 797 941 857 et
956 793 1080 859 nudum
1096 794 1207 860 hostis
1228 796 1321 861 latus
1370 807 1375 817 '

79 903 113 952 12
133 881 280 946 subiecto
308 902 460 945 mucrone
486 880 607 946 hausit
651 881 807 946 Iacebant
833 883 920 946 circa
945 902 1057 968 regern
1083 883 1152 948 tria
1179 905 1320 968 corpora

131 971 245 1054 procul
268 969 474 1052 stupentibus
498 971 623 1036 ceteris.
665 969 726 1033 Ille
748 973 799 1053 ut,
822 975 997 1055 antequam
1019 971 1157 1036 ultimus
1181 972 1318 1056 spiritus

132 1059 295 1141 deficeret,
327 1058 484 1123 dimicans
515 1062 626 1123 tamen
658 1059 917 1143 extingueretur,
952 1059 1057 1142 clipeo
1089 1081 1125 1125 se
1162 1060 1319 1127 adlevare

81 1169 114 1216 13
135 1150 271 1212 conatus
291 1150 355 1211 est:
374 1150 407 1211 et
425 1151 599 1230 postquam
618 1147 659 1211 ad
678 1147 885 1212 conitendum
902 1147 987 1212 nihil
1001 1153 1171 1232 supererat
1188 1150 1319 1234 virium,

134 1235 269 1300 dextera
300 1235 512 1318 inpendentes
548 1257 657 1300 ramos
692 1235 868 1319 conplexus
903 1237 1090 1320 temptabat
1127 1237 1319 1324 adsurgere.

134 1321 197 1388 Sed
219 1345 261 1387 ne
280 1323 327 1387 sic
346 1323 477 1407 quidem
498 1328 616 1407 potens
635 1325 781 1407 corporis
799 1345 913 1389 rursus
931 1324 968 1389 in
990 1345 1099 1410 genua
1119 1327 1319 1410 procumbit,

82 1434 116 1481 14
135 1433 235 1476 manu
267 1432 446 1494 provocans
479 1411 604 1495 hostes,
636 1412 664 1476 si
695 1412 767 1496 quis
794 1412 949 1496 congredi
975 1412 1119 1479 auderet.
1169 1413 1319 1480 Tandem
1327 1418 1362 1482 21

133 1498 308 1564 Peucestes
330 1521 388 1582 per
411 1500 642 1585 aliam-oppidi
663 1505 792 1584 partem
811 1500 992 1566 deturbatis
1014 1504 1319 1587 propugnatoribus

82 1611 116 1658 15
135 1588 223 1651 muri
257 1587 399 1672 vestigia
434 1610 630 1673 persequens
662 1590 750 1672 regis
785 1589 981 1673 supervenit
1034 1588 1107 1666 Quo
1138 1596 1318 1677 conspecto

134 1675 334 1759 Alexander,
365 1677 432 1741 iam
458 1699 525 1742 non
552 1678 639 1742 ritae
667 1699 757 1761 suae,
790 1678 847 1742 sed
874 1679 991 1743 mortis
1017 1679 1178 1744 solacium
1205 1701 1319 1764 super-

135 1754 265 1828 venisse
294 1769 398 1848 ratus,
429 1766 534 1849 clipeo
565 1765 744 1852 fatigatum
775 1788 894 1850 corpus
926 1767 1063 1851 excepit
1113 1766 1211 1833 Subit
1244 1769 1320 1833 inde

135 1851 288 1927 Timaeus
311 1858 345 1918 et
366 1855 465 1938 paulo
493 1858 571 1937 post
591 1853 793 1934 Leonnatus,
819 1855 896 1920 huic
918 1855 1094 1920 Aristonus
1120 1859 1322 1940 supervenit

84 1964 117 2012 lc
134 1940 208 2006 Indi
246 1962 386 2026 quoque,
427 1965 500 2008 cum
537 1943 625 2008 intra
666 1943 795 2008 moenia
830 1964 942 2028 regem
977 1966 1049 2009 esse
1084 1945 1323 2030 conperissent,

176 2193 217 2242 10.
239 2187 426 2242 vellendum
449 2204 471 2240 s.
493 2205 520 2241 v.
544 2203 570 2240 a.
592 2203 698 2242 novur·
752 2205 812 2243 war
825 2188 894 2243 aber
906 2204 963 2243 rou
976 2187 1083 2243 diesem
1100 2189 1321 2258 getrenntwor·

135 2259 202 2312 dum
221 2263 236 2322 t
255 2263 304 2323 223
322 2258 379 2327 vgl
399 2256 459 2312 Liv.
477 2263 502 2311 2.
517 2262 560 2311 25.
575 2263 591 2311 3
609 2259 700 2312 muni·
753 2257 861 2313 den—
867 2274 929 2326 per
942 2259 983 2312 ol.
998 2258 1119 2328 oppidi
1127 2265 1271 2327 partem.
1290 2260 1319 2315 O.

135 2333 228 2382 menta
240 2329 416 2382 cedebantur.
439 2327 496 2382 Das
506 2327 699 2397 Conpositum
752 2328 804 2383 hat
818 2329 879 2382 sich
887 2329 965 2383 wohl
977 2328 1024 2383 die
1034 2329 1124 2383 Sache
1138 2346 1170 2384 so
1184 2331 1322 2400 gedacht,

136 2399 244 2453 euellue
262 2400 288 2465 (5
307 2405 355 2465 2⁷3
373 2402 419 2466 28)
440 2399 535 2453 surde
553 2399 633 2452 mehr
651 2400 699 2452 be·
753 2400 817 2452 dass
834 2400 917 2453 Peuc.
936 2416 973 2453 sn
994 2399 1093 2468 irgend
1112 2399 1190 2454 einer
1211 2402 1319 2457 andern

136 2485 236 2538 sager,
263 2469 400 2524 numlich:
428 2469 558 2523 wirklich
584 2470 698 2524 heraus-
753 2469 842 2524 Stella
867 2470 912 2525 die
935 2468 1033 2524 Maner
1057 2470 1240 2541 fiberstiegen
1262 2474 1319 2527 und

137 2540 251 2594 reissen.
754 2541 829 2595 daun
852 2541 897 2595 die
922 2539 1010 2595 Stelle
1033 2541 1202 2610 anfgesucht
1229 2544 1321 2611 hatte,

175 2624 216 2675 11.
239 2621 367 2687 ultimi,
393 2619 495 2674 naturl.
518 2636 584 2674 vom
608 2617 700 2673 Grade
754 2629 798 2666 wo
821 2611 880 2666 sich
904 2611 1068 2693 dethnig
1089 2613 1119 2664 111
1143 2610 1251 2667 Gefflhr
1273 2614 1319 2668 be·

136 2708 169 2743 au
198 2691 347 2745 verstehen
377 2692 431 2745 wie
458 2690 586 2745 ultimum
612 2691 700 2756 nesus,
754 2681 828 2736 fand-
866 2681 1006 2737 Aehnllch
1023 2683 1139 2736 D10d01·
1269 2677 1285 2709 ⁸

137 2763 275 2831 fictitium
288 2763 597 2830 u.a-revocane]t.
624 2759 700 2815 Clas-
792 2776 833 2824 15,
856 2771 1192 2826 ottae„sotactum,
1236 2772 1320 2828 Sim„

137 2832 214 2886 Siflssh
236 2850 289 2885 nur
310 2848 351 2898 8⁶,
377 2838 490 2886 menum
514 2848 641 2886 euocare
663 2833 701 2886 ad
753 2841 834 2895 nicht
850 2841 891 2896 als
905 2840 1026 2895 Retter
1041 2857 1117 2895 rom
1131 2841 1236 2912 Tode,
1256 2861 1317 2898 son·

137 2902 493 2970 aliquid-hatttt'twie
503 2903 575 2957 oben
586 2909 610 2958 7.
620 2909 645 2956 2.
656 2909 700 2957 27.
754 2912 824 2965 dem
846 2912 888 2966 als
911 2911 1052 2966 Trfister
1072 2911 1116 2965 im
1142 2911 1242 2970 Tode,
1280 2915 1320 2968 Zu

175 2986 217 3034 12.
241 2981 508 3049 extisqueretur.
546 2981 627 3035 Nach
651 3000 701 3036 au·
754 2983 827 3037 uitae
858 2982 954 3037 wurde
981 2981 1107 3037 offenbar
1135 2986 1319 3052 precantium,

137 3056 245 3120 tequam
267 3051 318 3104 ult.
336 3053 403 3120 spir.
431 3053 552 3119 detenet
570 3053 702 3106 erwartet
755 3055 894 3107 auxilium
917 3053 985 3108 oder
1002 3051 1048 3106 ein
1070 3053 1217 3109 thuliches
1235 3055 1321 3111 Wort

137 3140 204 3177 man
227 3122 364 3176 rielmebr
386 3122 448 3177 eine
471 3121 622 3192 Wandung
647 3122 700 3177 wie
754 3125 850 3178 besser
859 3140 961 3192 passen
969 3123 1013 3177 als
1021 3125 1161 3178 sotaunn
1177 3124 1211 3178 In
1223 3127 1318 3180 seineu

138 3195 254 3263 impipre
272 3195 421 3249 dimicaret.
754 3193 909 3264 pointirteu
918 3193 1086 3248 Antithesen
1097 3194 1136 3248 ist
1145 3194 1174 3249 G.
1185 3195 1229 3250 os
1239 3197 1318 3251 nicht

175 3279 217 3328 13.
227 3278 511 3342 postquamcon.
525 3280 702 3342 supererat
755 3266 835 3346 recht
861 3263 979 3334 lOgiseh·
1021 3263 1098 3347 Gen?
1126 3266 1242 3320 thulich
1270 3269 1320 3321 der

137 3344 351 3400 qhfflachdem
361 3343 700 3413 ,jehqflmqhfighem
755 3336 956 3404 vorhegeuden
971 3334 1059 3389 Stelle
1076 3337 1116 3390 rst
1128 3342 1153 3390 3.
1169 3343 1193 3391 5.
1211 3344 1244 3391 13
1263 3355 1321 3393 non

137 3415 252 3483 gestellt
269 3415 365 3481 hatte,
383 3414 448 3470 dass
467 3434 493 3469 u.
513 3433 534 3468 s.
554 3433 588 3469 w.
624 3415 700 3469 Gens
755 3413 811 3461 tam
824 3408 920 3461 71101118
937 3423 1019 3475 quam
1037 3407 1101 3461 belli
1113 3409 1271 3463 temedium·
1286 3440 1318 3447 -

138 3486 252 3539 'ahnlich
276 3490 424 3554 postquam
448 3487 606 3542 mittebatur
629 3487 701 3540 oben
755 3477 942 3532 Aristonus
959 3479 1162 3545 superuenit.
1193 3479 1319 3533 Dreimal

138 3563 163 3609 3,
185 3560 208 3610 1,
232 3561 258 3611 8⁸
283 3586 314 3596 -
336 3572 534 3624 provocans,
575 3557 701 3625 Ergssnze
755 3548 785 3600 ln
803 3554 819 3602 3
840 3548 935 3602 Zeilen
954 3547 1121 3603 wiederholt
1138 3547 1168 3603 C.
1189 3549 1318 3604 dasselbe

137 3627 233 3694 etiam,
256 3627 338 3680 etiam
360 3631 427 3682 truse
450 3627 529 3695 oder,
554 3627 629 3682 nach
653 3627 702 3680 der
756 3618 893 3686 Verbum,
911 3637 932 3672 s.
951 3618 1024 3672 Einl.
1043 3622 1116 3683 552.
1150 3620 1211 3675 Arr.
1231 3623 1320 3675 neunt

138 3696 330 3766 Sprechweise
349 3697 399 3752 de,
418 3696 461 3766 0,,
479 3700 578 3753 adhuc,
757 3689 1319 3758 denLebensretterAlexandersAbreas,

177 3783 218 3830 14.
243 3777 435 3842 Peucestes,
457 3778 508 3831 der
527 3779 633 3848 'Preger
653 3777 702 3832 des
756 3760 851 3814 indm
865 3776 896 3814 01
913 3760 1042 3828 zugleich
1057 3761 1186 3847 angieljl,
1206 3761 1272 3842 dese
1290 3761 1320 3815 in

140 3847 278 3918 heiligen,
315 3864 367 3902 aug
403 3847 467 3902 dem
501 3848 618 3918 Tempel
654 3849 704 3903 der
756 3831 864 3885 Betreff
874 3831 924 3884 des
933 3831 1058 3886 Namens
1072 3831 1320 3886 drehachnchten

138 3918 249 3973 Athene
263 3919 294 3972 in
307 3917 391 3972 Ilium
406 3920 599 3973 stammenden
614 3919 704 3973 Schil-
758 3920 808 3956 8118
832 3902 965 3984 flinffldef
987 3918 1137 3984 gegangen
1160 3902 1250 3972 fleient
1274 3901 1320 3957 bei

140 3989 202 4056 des,
230 3990 326 4043 warde
353 4008 417 4044 ,um
444 3990 528 4044 ΒΜ]ἰ
554 3990 600 4044 fs„
627 3990 704 4044 (pege
757 3972 892 4027 Plutarch
915 3973 1006 4026 hersst
1023 3989 1054 4027 er
1071 3973 1237 4041 ernaeus,
1261 3990 1320 4028 was

139 4057 365 4129 hebensrettung
383 4063 478 4130 spttter
498 4080 561 4115 zum
580 4079 704 4131 σωματο-
757 4043 904 4131 ἦθῌῗὶῗῇἶ
929 4043 1038 4125 bl⁰⁸⁸9¹
1060 4043 1193 4098 ΒΘῙΠΝΠΘ
1211 4044 1261 4112 fila
1286 4069 1320 4090 ²³

141 4128 234 4197 φύλαξ
259 4130 316 4184 und
340 4130 509 4186 Statthalter
536 4131 566 4186 in
592 4133 705 4186 Persian
758 4115 892 4184 Eebmllss
912 4131 962 4168 ²¹¹⁸
981 4113 1105 4168 leffle·

140 4201 267 4255 ernannt.
316 4202 397 4256 Nach
430 4202 532 4257 Arrian
562 4203 642 4257 hatte
675 4219 705 4256 er
795 4209 837 4257 16.
857 4203 941 4257 Inde¹
963 4218 1088 4271 quoqne
1110 4202 1137 4257 d.
1160 4202 1180 4256 i.
1204 4203 1251 4258 die
1273 4202 1324 4257 anf

140 4270 224 4324 nebat
241 4271 309 4327 zwei
323 4273 445 4328 anderen
464 4274 624 4343 augleich
643 4272 706 4326 mit
759 4271 810 4327 der
827 4272 926 4327 Manet
943 4273 1001 4326 und
1018 4273 1048 4326 in
1067 4272 1191 4328 anderen
1204 4273 1320 4329 Theilen

186 4343 334 4398 exander
363 4343 409 4398 die
433 4344 531 4399 Mauer
558 4343 706 4414 erstiegen,
759 4342 809 4398 der
828 4343 911 4398 Stadt
928 4343 1123 4399 befiudlichen.
