2790 4792
117 219 180 285 178
584 222 617 288 Q.
637 220 748 278 CUR'I'I
765 221 852 277 RUFI

63 395 98 444 22
117 383 251 466 tulerat,
280 382 351 467 quis
378 383 560 449 distributis
588 387 701 449 vetera
728 385 865 449 cremari
887 385 993 450 iussit.
1037 383 1132 450 Mille
1155 384 1300 469 navigiis

117 472 264 538 aditurus
296 471 462 538 Oceanum
494 471 722 557 discordesque
755 477 788 537 et
819 477 930 538 vetera
967 473 1041 538 odia
1076 475 1301 538 retractantes

116 560 238 626 Porum
252 565 286 626 et
300 560 445 645 Taxilen,
462 559 575 626 Indiae
589 580 693 645 reges,
710 561 859 626 firmatae
874 583 931 645 per
944 561 1150 626 adfinitatem
1169 561 1300 645 gratiae

116 649 274 734 relinquit
296 650 331 714 in
355 651 422 714 suis
441 649 560 734 regnis,
584 671 710 714 summo
729 650 764 713 in
783 650 981 715 aedificanda
999 650 1104 714 classe
1124 649 1301 714 amborum

62 738 225 803 nasturtio
253 760 340 803 usus.
390 737 520 821 Oppida
548 760 675 822 quoque
708 738 771 803 duo
801 739 957 817 condidit,
989 759 1129 822 quorum
1157 739 1301 802 alterum

68 870 71 873 -
114 825 274 891 Nicaeam
293 826 480 910 appellavit,
503 827 642 891 alterum
661 826 901 910 Bucephslam,
916 827 999 910 equi,
1018 847 1115 911 quem
1135 827 1304 910 amiserat,

61 925 97 975 24
116 916 291 980 memoriae
319 936 357 979 ac
384 915 510 980 nomini
538 915 690 980 dedicans
718 914 840 981 urbem.
890 914 1083 997 Elephantis
1114 915 1237 979 deinde
1270 919 1304 978 et

116 1003 344 1086 inpedimentis
368 1006 457 1067 terra
480 1002 573 1087 sequi
594 1003 693 1068 iussis
717 1004 856 1068 secundo
876 1024 971 1068 amne
990 1003 1303 1087 defluxit,·quadra·

115 1092 209 1175 ginta
234 1090 337 1156 ferme
364 1091 472 1157 stadis
501 1090 637 1176 singulis
665 1091 779 1156 diebus
807 1091 998 1175 procedens,
1031 1096 1069 1156 ut
1100 1093 1302 1175 opportunis

116 1180 198 1244 locis
222 1181 341 1262 erponi
364 1180 499 1244 subinde
523 1180 636 1263 copiae
659 1183 803 1263 possent.

625 1405 705 1474 (lar.
728 1406 786 1473 IV.

83 1543 98 1588 1
208 1530 405 1596 Perventum
438 1535 509 1596 erat
539 1533 574 1597 in
606 1532 791 1616 regionem,
822 1531 858 1595 in
889 1553 953 1616 qua
984 1529 1158 1618 Hydaspes
1195 1536 1304 1599 amnis
1314 1534 1344 1599 14

81 1618 252 1683 2Acesini
275 1621 500 1685 committitur.
545 1620 632 1685 Hinc
656 1619 799 1685 decurrit
822 1619 856 1684 in
878 1620 960 1685 fines
980 1617 1145 1687 Siborum.
1191 1619 1241 1687 Hi
1265 1624 1303 1688 de

117 1708 259 1773 exercitu
282 1707 434 1774 Herculis
458 1709 597 1774 maiores
623 1730 699 1773 suos
718 1730 790 1774 esse
808 1711 1004 1774 memorant:
1027 1729 1146 1792 aegros
1164 1712 1302 1777 relictos

80 1807 96 1854 3
117 1797 240 1880 cepisse
260 1797 378 1880 sedem,
397 1819 495 1881 quarn
515 1798 580 1881 ipsi
599 1797 800 1862 obtinebant.
832 1796 939 1861 Pelles
957 1797 1100 1862 ferarum
1118 1820 1181 1881 pro
1203 1805 1305 1885 veste,

116 1884 228 1950 clavae
254 1885 323 1950 tela
351 1890 457 1951 erant:
487 1886 655 1970 multaque
678 1887 793 1967 etiem,
823 1906 895 1950 eum
919 1883 1035 1951 Graeci
1057 1906 1168 1952 mores
1194 1890 1302 1955 exole-

79 1973 253 2058 4vissent,
281 1974 394 2058 stirpis
423 1974 642 2039 ostendebant
668 1973 817 2058 vestigia.
863 1973 948 2038 Hinc
971 1974 1186 2041 exscensione
1213 1977 1304 2043 facta

116 2078 158 2127 co
189 2066 222 2126 et
251 2079 274 2125 n
307 2062 415 2127 stadia
447 2062 586 2127 excessit
619 2062 898 2146 depopulatusque
929 2062 1097 2147 regionem
1130 2065 1304 2149 oppidum,

80 2160 96 2208 5
115 2154 214 2233 caput
236 2151 315 2234 eius,
338 2172 458 2216 corona
481 2151 575 2234 cepit.
620 2169 667 2214 xn
689 2150 837 2234 peditum
858 2149 952 2214 milia
969 2149 1148 2235 Agalasses
1172 2153 1211 2218 in
1228 2155 1302 2238 ripa

115 2238 286 2303 fluminum
310 2243 543 2323 opposuerant:
567 2260 650 2324 quae
673 2260 768 2303 amne
792 2242 943 2321 superato
962 2239 997 2302 in
1014 2239 1130 2325 fugam
1149 2240 1304 2326 conpulit

117 2327 323 2410 inclusosque
341 2328 512 2392 moenibus
531 2330 706 2411 expugnat
744 2325 887 2391 Puberes
906 2327 1071 2392 interfecti
1090 2334 1178 2408 sunt,
1199 2333 1300 2396 ceteri

83 2425 98 2472 6
117 2414 296 2479 venierunt.
341 2414 489 2479 Alteram
519 2416 634 2481 deinde
656 2416 771 2479 urbem
794 2435 979 2499 expugnare
1002 2416 1137 2482 adortus
1161 2441 1301 2504 magna·

117 2525 178 2586 que
205 2503 239 2567 vi
267 2503 506 2569 defendentium
534 2505 646 2587 pulsus
675 2504 795 2568 multos
823 2501 1036 2568 Macedonum
1065 2506 1188 2571 amisit.
1237 2508 1298 2575 Sed

117 2613 190 2655 cum
204 2593 239 2655 in
253 2593 421 2657 obsidione
436 2596 684 2676 perseverasset,
704 2591 855 2675 oppidani
870 2591 1042 2674 desperata
1056 2595 1165 2658 salute
1185 2597 1299 2680 ignem

117 2824 158 2871 10.
174 2824 198 2870 2.
215 2823 240 2870 2.
260 2848 293 2857 -
311 2820 515 2886 pertulerat,
533 2820 586 2874 wie
606 2820 677 2874 ench
732 2818 784 2871 her
806 2818 951 2885 (leoninum
973 2822 989 2882 5
1009 2824 1025 2872 6
1044 2819 1137 2874 neben
1156 2839 1248 2878 omne.
1267 2856 1298 2863 -—

116 2886 262 2941 mehrfach
280 2888 326 2941 bei
345 2889 374 2942 C.
393 2890 542 2957 perducere
564 2888 609 2943 fdr
629 2892 678 2945 ad·
732 2888 894 2942 Siborum.
936 2887 1020 2943 Diese
1044 2889 1104 2944 Sibi
1127 2891 1299 2959 (‘Siva·An-

115 2959 219 3012 dacere.
732 2959 854 3026 beter'?)
872 2958 985 3012 werden
1003 2976 1059 3014 von
1077 2960 1187 3018 Diodor
1207 2968 1297 3033 Σίβοι,

151 3033 193 3081 22.
222 3029 470 3097 discordesque.
512 3030 606 3084 Ueber
628 3048 679 3099 que
732 3046 788 3083 von
816 3029 940 3083 anderen
963 3029 1188 3088 Schriftstellsrn
1213 3040 1299 3108 Σίβαι

115 3104 140 3153 et
154 3124 188 3144 =
203 3097 233 3153 τὲ
253 3101 306 3153 καί
322 3117 342 3154 s.
358 3100 430 3154 Einl.
446 3105 461 3164 ξ
476 3106 511 3154 46
525 3117 550 3154 a.
585 3101 677 3157 Ueber
733 3101 865 3169 genannt.

116 3170 170 3223 den
188 3188 251 3240 gen.
272 3172 347 3240 qual.
366 3171 413 3225 bei
430 3172 543 3240 reliquit
558 3189 580 3226 s.
595 3172 676 3227 eben·
768 3176 793 3225 2.
821 3186 910 3237 ease,
938 3170 964 3227 d.
991 3172 1150 3242 h.“gehdrt
1176 3175 1298 3231 httten

116 3241 302 3306 (1669296,
559 3284 561 3290 ,
732 3258 795 3294 num
808 3240 900 3295 Heere
914 3244 966 3295 etc.
1004 3242 1067 3312 Vgl.
1087 3245 1171 3299 daces
1186 3248 1295 3316 (166611

152 3318 194 3366 23.
224 3314 384 3368 coadidit.
407 3314 450 3368 -Β,
476 3312 521 3368 die
539 3314 620 3368 Anm.
645 3332 678 3367 zu
732 3312 797 3365 licis
814 3312 875 3366 dati
893 3317 917 3365 5.
933 3318 958 3367 4.
974 3318 1016 3367 20.
1053 3315 1097 3367 Da
1116 3315 1163 3370 die
1181 3321 1297 3373 matures

117 3388 139 3436 1.
165 3387 189 3438 6.
216 3413 250 3421 -
279 3385 367 3452 equi,
394 3402 415 3439 s.
439 3389 465 3439 6.
489 3389 513 3438 5.
539 3390 580 3438 18.
621 3385 678 3437 Das
730 3382 1296 3452 inderErinnenmgderNachlrommen

114 3452 185 3506 Rosa
209 3469 268 3507 war
287 3455 342 3508 den
360 3455 391 3508 in
409 3455 459 3508 der
478 3454 613 3509 Schlsebt
630 3471 677 3508 am
731 3453 804 3507 noch
823 3453 971 3522 fortleben‚
991 3470 1021 3508 so
1040 3455 1079 3508 ist
1092 3471 1148 3512 esse
1162 3484 1198 3504 =
1213 3461 1297 3526 faisse

115 3522 261 3592 Hydaspes
275 3525 423 3580 erhaltnen
436 3526 568 3580 Wunden
582 3527 618 3594 (8.
633 3531 675 3578 14.
732 3523 898 3590 berecbtigt.

115 3593 161 3658 34)
180 3593 248 3648 bald
267 3595 369 3650 darauf
385 3596 506 3665 erlegen.
767 3599 792 3648 3.
815 3596 882 3648 tela
900 3619 934 3639 =
955 3594 1228 3668 ‘Angriffswaffen',
1246 3600 1296 3654 wie

151 3669 193 3717 24.
208 3665 463 3733 inpedimentis,
477 3667 614 3720 vielmehr
627 3666 677 3720 das
732 3665 919 3719 oben1.1d.
962 3665 1007 3718 Sic
1034 3670 1137 3736 trugen
1165 3671 1228 3725 also
1254 3671 1296 3724 die

116 3733 186 3788 Gros
206 3735 255 3789 des
273 3736 377 3792 Heeres
400 3739 483 3791 unter
502 3735 631 3792 Craterus
649 3755 676 3789 u.
733 3735 839 3789 Traobt
857 3735 905 3789 des
925 3735 1071 3792 Herknles.

115 3805 309 3873 Hephaestion
332 3811 403 3875 (Arr.
427 3815 451 3862 6.
477 3815 506 3875 2;
530 3808 611 3862 Diod.
635 3813 677 3861 17.
767 3811 792 3861 4.
807 3807 1036 3875 exscensione,
1050 3808 1293 3866 einlivianisches

117 3877 169 3942 96).
196 3899 230 3914 -·
256 3879 430 3943 defluxit.
472 3879 505 3932 In
531 3878 678 3931 desselben
731 3877 821 3930 Wort.
841 3907 875 3915 -
894 3877 984 3942 tiae,
1007 3894 1063 3932 von
1081 3877 1136 3932 den
1157 3881 1220 3936 Sibi
1239 3898 1296 3951 aus,

115 3944 221 3999 Phrase
241 3949 314 4001 auch
334 3954 357 4002 4.
378 3956 402 4003 8.
424 3955 447 4002 1.
472 3979 506 3988 -
530 3949 677 4018 quadra·
732 3946 777 4000 die
788 3946 947 4001 Alexander
959 3949 1032 4002 nach
1044 3948 1154 4004 Diodor
1166 3953 1223 4007 mit
1236 3969 1296 4008 aus-

116 4016 213 4081 91616
240 4020 357 4072 stedia
380 4045 414 4064 =
441 4019 518 4072 ‘nur
544 4021 618 4072 etwa
643 4024 678 4073 40
734 4017 884 4087 gesuchter
902 4018 989 4071 Milde
1007 4017 1188 4076 behsndelte.

119 4084 248 4154 Stadien,
267 4088 293 4142 d.
312 4089 331 4141 i.
351 4089 412 4142 eine
431 4087 537 4142 Meile'.
766 4092 791 4144 6.
820 4087 1005 4156 Agalasseis
1023 4115 1057 4135 =
1077 4087 1107 4143 ol
1121 4085 1297 4160 Ἀγαλασσεῖς

731 4158 777 4212 bei
795 4159 914 4226 Diodor,
933 4159 984 4212 der
1000 4159 1046 4213 ihr
1063 4160 1206 4219 Fussvolk
1225 4164 1296 4218 anch

330 4209 394 4264 ΟΑΡ·
412 4209 459 4266 IV·
731 4229 782 4283 auf
797 4234 894 4296 40‚000
913 4230 998 4283 Mann
1017 4231 1143 4301 angiebt.
1179 4234 1260 4289 Doch
1275 4252 1294 4287 s.

155 4298 177 4347 1.
192 4295 358 4363 decurrit,
372 4297 595 4366 dervereinigte,
608 4316 677 4352 nnn·
731 4299 786 4353 den
808 4299 874 4356 lmit.
896 4299 1025 4370 Anhang.
1052 4335 1085 4345 -
1112 4305 1296 4369 fluminum

46 4286 197 4496 *mehr
215 4366 346 4421 Acesines
365 4370 504 4435 genannte
523 4369 612 4438 Plnss,
631 4371 678 4424 da·
732 4395 766 4417 ε
785 4387 864 4425 omae
882 4387 902 4424 s.
923 4375 937 4435 ξ
958 4376 982 4425 1.
