2790 4792
360 209 614 265 HISTORIARUM
632 210 849 266 ALEXANDRI
867 211 927 280 VII,
948 218 971 266 t.
1213 209 1256 274 87

81 374 210 440 videtur
228 372 406 456 diremisse,
423 395 489 438 una
506 374 645 438 victoria
663 374 772 438 subito
791 373 1017 438 committere?
1053 372 1100 438 At
1118 373 1259 458 hercule,
1279 394 1313 443 15

80 465 109 528 si
137 461 272 546 paulum
296 463 541 546 cessaverimus,
568 463 602 527 in
630 462 732 547 tergis
759 462 881 526 nostris
906 460 1045 546 Scythae
1069 461 1258 529 haerebunt.

80 554 134 616 An
160 551 221 614 soli
250 571 374 632 sumus,
402 551 457 633 qui
488 551 622 615 flumina
650 554 820 615 transnare
848 550 1043 633 possumus?
1089 549 1197 615 Multa
1224 553 1259 616 in

80 639 299 722 nosmetipsos
331 639 488 723 recident,
522 641 639 723 quibus
674 640 777 705 adhue
807 639 953 704 vicimus.
1003 637 1150 704 Fortuna
1178 639 1259 703 belli
1280 659 1313 706 11

80 732 186 793 artem
200 728 305 791 victos
321 748 448 811 quoque
463 728 565 793 docet.
597 728 734 794 Utribus
749 749 877 792 amnem
891 727 1061 792 traiciendi
1076 727 1260 810 exemplum

81 817 217 880 fecimus
235 837 353 898 nuper:
371 815 442 900 hoc,
460 820 498 880 ut
513 814 655 899 Scythae
672 816 796 880 imitari
809 817 967 898 nesciant,
985 815 1154 881 Bactriani
1169 816 1260 882 doce

80 905 172 969 bunt.
209 903 382 968 Praeterea
400 926 482 968 unus
502 905 612 988 gentis
631 905 728 969 huius
743 905 901 970 exercitus
921 904 1027 969 adhue
1044 905 1142 989 venit,
1161 905 1259 968 ceteri
1280 923 1312 972 17

81 996 301 1075 expectantur.
337 991 390 1055 Ita
408 992 528 1056 bellum
548 992 682 1058 vitando
701 994 825 1057 alemus
845 996 886 1077 et,
904 992 990 1077 quod
1008 993 1128 1058 inferre
1145 1014 1259 1077 possu-

81 1102 164 1162 mus,
188 1080 332 1163 accipere
356 1101 518 1160 cogemur.
559 1081 735 1146 Manifesta
759 1084 811 1146 est
829 1082 957 1145 consilii
976 1081 1041 1145 mei
1059 1082 1153 1146 ratio.
1197 1080 1259 1146 Sed
1281 1098 1313 1147 18

45 1197 53 1206 ,
81 1192 124 1234 an
151 1169 342 1251 permissuri
370 1169 437 1232 sint
464 1169 546 1233 mihi
573 1168 764 1234 Macedones
798 1171 907 1234 animo
934 1169 985 1234 uti
1017 1191 1104 1253 meo,
1137 1169 1260 1255 dubito,

82 1258 172 1341 quia,
202 1279 241 1321 ex
269 1278 332 1340 quo
361 1257 423 1321 hoc
450 1258 567 1322 vulnus
597 1259 719 1342 accepi,
746 1280 814 1323 non
838 1279 920 1342 equo
945 1261 1054 1322 vectus
1080 1280 1165 1342 sum,
1192 1280 1260 1323 non

80 1345 217 1429 pedibus
239 1346 416 1428 ingressus.
458 1344 520 1411 Sed
539 1347 567 1410 si
585 1368 637 1410 me
652 1347 746 1430 sequi
765 1346 875 1430 vultis,
898 1347 1000 1424 valeo,
1024 1346 1129 1411 amici.
1171 1347 1259 1411 Satis
1280 1365 1313 1412 11

83 1435 204 1498 virium
232 1438 283 1498 est
309 1435 350 1498 ad
378 1434 549 1498 toleranda
575 1435 654 1499 ista:
688 1439 759 1518 aut,
788 1435 817 1499 si
845 1436 911 1500 iam
940 1433 1032 1500 adest
1059 1436 1146 1500 vitae
1170 1456 1261 1499 meae

25 1509 68 1572 31
82 1522 170 1604 finis,
200 1523 234 1586 in
263 1544 326 1605 quo
354 1522 485 1586 tandem
513 1543 610 1605 opere
638 1522 754 1587 melius
783 1523 976 1607 extinguar?
1026 1523 1117 1588 Haeo
1143 1545 1261 1607 quassa
1280 1540 1315 1588 10

83 1610 188 1675 adhuc
216 1631 293 1674 voce
321 1611 535 1674 subdeficiens
570 1611 625 1675 vix
658 1611 814 1694 proximis
848 1610 1094 1675 exaudientibus
1128 1611 1261 1690 dixerat,

83 1721 157 1763 eum
177 1720 288 1764 omnes
303 1703 405 1764 11111
420 1699 594 1782 praecipiti
613 1700 749 1764 consilio
768 1718 879 1782 regern
894 1699 1056 1763 deterrere
1076 1704 1261 1782 coeperunt,

82 1786 235 1871 Erigyius
265 1791 417 1871 maxime,
445 1788 514 1872 qui,
540 1787 627 1852 haud
657 1808 734 1852 sane
762 1787 959 1851 auctoritate
980 1787 1151 1870 proficiens
1176 1788 1261 1871 apud
1280 1805 1313 1853 21

82 1876 289 1940 obstinatum
308 1877 461 1959 animum,
485 1876 760 1959 superstitionem,
778 1875 869 1939 euius
888 1879 1003 1958 potens
1022 1897 1088 1939 non
1108 1878 1178 1939 erat
1196 1897 1263 1958 rex,

83 1965 228 2028 incutere
250 1966 425 2048 temptavit
448 1964 591 2042 dicendo,
619 1964 696 2029 deos
725 1985 853 2048 qnoque
877 1963 1009 2028 obstare
1031 1964 1168 2028 consilio
1195 1986 1262 2028 ma·

83 2072 248 2136 gnumque
279 2053 474 2137 periculum,
507 2053 535 2117 si
565 2053 687 2117 flumen
713 2053 900 2135 transisset,
933 2052 1069 2116 ostendi.
1118 2051 1263 2118 Intranti
1281 2071 1315 2118 11

81 2140 221 2224 Erigyio
245 2141 492 2206 tabernaculum
514 2142 600 2226 regis
624 2140 819 2207 Aristander
841 2142 1032 2224 occurrerat,
1055 2141 1166 2205 tristia
1188 2145 1262 2206 exta
1359 2207 1369 2217 ,-

82 2229 184 2294 fuisse
207 2230 409 2313 significans:
441 2230 521 2295 haec
544 2253 583 2295 ex
611 2235 686 2295 vate
715 2233 871 2314 conperta
894 2228 1051 2313 Erigyius
1078 2229 1261 2295 nuntiabat.

84 2318 153 2394 Quo
177 2318 319 2383 inhibito
343 2318 526 2382 Alexander
549 2341 616 2384 non
639 2320 689 2384 ira
712 2320 826 2397 solum,
850 2318 906 2382 sed
926 2319 1025 2381 111111
1044 2317 1167 2402 pudore
1187 2340 1260 2383 con·
1280 2337 1315 2384 11

82 2407 184 2490 fusus,
208 2407 294 2492 quod
318 2407 520 2491 superstitio,
549 2429 646 2492 quam
669 2409 847 2492 celaverat,
870 2406 1092 2492 detegebatur,
1115 2406 1262 2471 Aristan-

83 2495 176 2559 drum
199 2494 309 2560 vocari
332 2495 430 2560 iubet.
476 2495 539 2572 Qui
561 2501 599 2562 ut
620 2497 718 2581 venit,
740 2497 871 2560 intuens
896 2517 979 2579 eum,
1002 2493 1089 2562 ‘Non
1112 2494 1190 2576 rex',
1212 2496 1259 2560 in·
1281 2514 1316 2561 14

83 2584 170 2668 quit,
211 2583 279 2648 ‘sed
319 2585 465 2668 privatus
503 2585 696 2650 sacrificium
737 2587 775 2649 ut
814 2584 937 2648 faceres
978 2582 1144 2647 mandavi:
1185 2583 1264 2666 quid

83 2740 201 2822 bringeri
219 2741 327 2808 werde,
344 2746 436 2796 mdsse
456 2741 502 2796 ein
520 2740 647 2812 gewalti·
700 2755 802 2810 quaese
820 2763 855 2785 ι-
873 2739 1016 2793 trementia
1029 2736 1121 2822 ,findet
1140 2738 1202 2794 sich
1216 2739 1264 2793 bei

83 2827 329 2948 gei4iet1i'detur,
347 2883 434 2938 11111.
452 2882 517 2936 dem
530 2896 647 2952 grossen
699 2809 1263 2963 esddceideffeditbgesffdesiptdedddeiet

82 2952 194 3006 Hanfen
222 2952 273 3006 der
298 2952 501 3022 Unkundigen,
528 2953 573 3007 die
601 2952 646 3007 die
699 2969 753 3007 nur
774 2950 1072 3021 noehbe1Angustm
1090 2953 1150 3006 such
1168 2952 1263 3020 findet,

82 3023 263 3091 Landgrenze
280 3023 377 3077 beider
390 3022 555 3078 Welttheile
568 3022 648 3078 nieht
700 3023 774 3078 auch
810 3022 855 3076 die
891 3020 922 3076 in
957 3023 1007 3077 sut
1044 3021 1174 3092 liegende
1206 3022 1264 3076 Ab·

82 3093 207 3162 konnen,
230 3094 320 3148 denen
338 3093 425 3148 Asien
448 3095 490 3149 als
509 3093 554 3148 ein
573 3094 646 3148 nach
701 3093 891 3163 echwaohnng
918 3091 999 3147 nieht
1025 3109 1072 3146 111
1095 3094 1193 3153 Platae
1222 3109 1264 3147 er-

83 3164 160 3219 allen
184 3163 280 3218 Seiten
302 3165 352 3219 hin
375 3164 442 3220 weit
462 3181 518 3220 ron
535 3164 648 3234 Europe
700 3163 828 3232 eeheint,
862 3179 894 3218 so
928 3163 1000 3233 liegt
1027 3179 1057 3217 es
1083 3164 1170 3231 nahe,
1202 3165 1264 3217 sab-

83 3235 646 3304 1111131111111111119111111111111111.
700 3236 766 3290 inde
782 3235 909 3302 deficient
926 3258 961 3280 ε
982 3233 1047 3287 ‘mit
1062 3232 1265 3288 wiederholten

83 3337 118 3346 -
133 3307 350 3372 committere,
367 3308 460 3363 11113.
476 3312 500 3360 1.
517 3312 559 3374 13,
573 3321 646 3362 ver·
701 3304 988 3360 Schwsohemrallen'
1004 3321 1038 3358 zu
1055 3304 1231 3363 vermuthen.

82 3376 218 3431 binden.
245 3376 556 3447 FreieUebersetzung:
571 3376 647 3432 eine
736 3383 779 3431 11.
798 3376 1020 3441 auctoritate,
1038 3374 1065 3430 d.
1078 3374 1098 3429 i.
1112 3375 1202 3430 durch
1214 3376 1265 3430 das

81 3448 216 3502 Brtcke
235 3449 401 3518 schlagen
418 3448 504 3503 nach
519 3450 582 3516 etc,
596 3463 647 3502 er·
701 3434 831 3503 Geuicht
847 3444 939 3501 seiner
952 3445 1057 3501 Person
1070 3445 1129 3500 und
1142 3445 1263 3502 Grtnde.

83 3519 290 3573 schliessen.
701 3549 735 3559 -
746 3517 956 3587 preficiens,
975 3517 1033 3572 abs.
1047 3535 1074 3572 u.
1089 3518 1213 3588 metaph.
1229 3544 1264 3564 ιι

122 3594 164 3646 15.
183 3592 249 3644 coli
261 3606 385 3657 sumas,
399 3591 457 3659 qui
466 3604 646 3659 poseamus
702 3590 778 3644 ‘vom
788 3587 893 3642 Flecke
903 3587 1078 3657 kommend',
1088 3587 1264 3658 istpoetisch

85 3661 180 3716 blosse
190 3660 480 3730 Umschreibnngvon
487 3659 540 3715 ecls'
573 3675 646 3715 01111
699 3677 726 3716 u.
740 3658 959 3714 nachclaeeisch.
973 3689 1008 3699 -
1027 3659 1127 3713 euius
1140 3664 1263 3728 potesse

83 3748 153 3786 mus.
184 3729 349 3786 Griechisch
368 3729 537 3787 111οοῖ611
558 3733 646 3801 pseu,
700 3745 768 3784 aon
797 3735 886 3797 crat,
913 3728 940 3782 d.
963 3729 992 3783 h.
1016 3729 1080 3784 dem
1103 3729 1264 3799 gegenuber

82 3802 166 3857 nicht
184 3800 212 3854 οἳ
231 3798 426 3873 δυνησόμεθα.
700 3799 750 3854 der
759 3799 853 3869 Ktnig
861 3798 1046 3854 bekanntlich
1056 3799 1186 3854 schivach
1196 3815 1263 3854 war.

122 3879 163 3927 16.
198 3874 380 3942 cecropium
406 3874 553 3941 fecimus.
590 3872 647 3926 Der
737 3876 779 3924 11.
817 3870 1022 3924 nuntiabat
1044 3893 1079 3915 ==
1102 3870 1265 3925 enuntiabat

85 3944 235 3998 Ausdruek
255 3944 310 3999 wie
328 3949 353 4002 t.
373 3950 422 4011 3⁷3
444 3961 493 3997 111
515 3943 605 3998 Seohe
625 3959 646 3997 s.
701 3947 727 3996 3.
751 3947 776 3996 0.
800 3945 830 4006 7,
858 3940 885 3995 d
904 3939 932 3993 h.
961 3955 992 3995 er
1017 3939 1118 3995 theilte
1142 3955 1172 3993 es
1199 3940 1264 3995 dem

85 4021 110 4069 5.
133 4019 175 4068 18.
701 4012 797 4082 Kdnig
814 4010 880 4078 mit,
898 4009 1008 4065 verieth
1027 4009 1092 4064 dem
1110 4009 1228 4080 Kdnige.

124 4092 166 4141 18.
190 4086 330 4140 consilii
347 4087 440 4141 ratio
457 4084 512 4140 wie
531 4084 603 4138 oben
622 4090 647 4137 3.
739 4089 781 4138 13.
805 4082 953 4136 inhibito
970 4080 1025 4135 wie
1043 4081 1118 4151 lopas?
1135 4082 1265 4138 10111111

87 4164 112 4213 7.
134 4163 176 4212 10.
701 4155 824 4210 inhibere
839 4159 881 4208 10.
891 4158 916 4207 2.
928 4158 970 4206 1³.
984 4182 1021 4194 -
1034 4153 1264 4222 detepebateer,

122 4233 166 4282 1ο.
194 4242 319 4296 pauesce
345 4228 454 4283 adhuc
479 4241 557 4281 voce
586 4224 650 4280 ‘mit
702 4223 1265 4294 1111111111111111111111,11111111,

83 4300 186 4353 immet
217 4298 297 4351 mehr
328 4298 478 4353 zitternder
505 4296 649 4364 Stimme'3
703 4295 1268 4364 wieerbefdrchtenmnsstadberhanpt.

84 4370 178 4425 adhuc
195 4367 249 4423 wie
268 4373 295 4423 8.
313 4374 338 4425 8.
359 4375 404 4436 123
424 4374 552 4437 e.3.1e;
570 4369 651 4424 labro
705 4368 800 4424 Daher
817 4367 871 4424 das
884 4366 974 4438 impi.
992 4397 1028 4408 -
1045 4363 1289 4436 puteat-eumne
