2790 4792
372 195 633 252 HISTORIARUM'
646 197 862 253 ALEXANDRI
880 197 927 267 VI,
946 204 970 252 9.
1214 196 1257 262 39

34 360 76 425 35
86 361 171 425 Tum
190 360 344 425 Philotan
368 361 513 444 religatis
536 365 611 444 post
632 364 760 445 tergum
778 361 927 426 manibus
947 361 1093 427 obsoleto
1118 360 1256 425 amiculo
1275 381 1310 430 16

86 451 232 516 velatum
250 449 346 514 iussit
363 449 482 513 induci.
518 448 626 514 Facile
645 449 836 534 adparebat,
859 454 965 515 motos
985 471 1055 515 esse
1073 453 1141 514 tam
1165 449 1258 513 mise·

85 539 184 605 rabili
211 538 326 602 habitu
351 559 418 602 non
441 538 509 602 sine
537 537 658 603 invidia
684 538 782 622 paulo
798 542 887 604 ‘ante
916 539 1090 623 conspecti.
1135 537 1258 602 Ducem
1277 560 1311 607 ac

88 629 250 714 equitatus
278 627 381 711 pridie
410 626 570 709 viderant,
599 627 743 692 sciebant
770 628 855 712 regis
883 627 1067 692 interfuisse
1095 625 1255 691 convivio:

86 721 219 802 repente
242 737 280 780 ne
307 737 398 780 reum
420 715 561 801 quidem,
589 716 643 780 sed
670 716 736 780 iam
763 716 965 799 damnatum,
992 716 1091 780 immo
1115 715 1259 780 vinctum

87 806 305 871 intuebantur.
347 802 485 869 Subibat
507 805 632 869 animos
654 802 877 869 Parmenionis
896 826 1036 889 quoque,
1057 805 1140 868 tanti
1160 804 1259 888 ducis,
1277 825 1310 874 27

86 898 154 960 tam
183 895 262 959 clari
288 894 380 971 civis,
399 892 552 976 fortuna,
580 893 634 977 qui
662 893 759 958 modo
786 894 911 959 duobus
935 893 1024 976 filiis,
1053 891 1193 958 Hectore
1222 915 1260 958 ae

86 984 263 1066 Nicanore,
290 982 424 1047 orbatus
453 1002 526 1046 cum
550 1002 600 1065 eo,
628 1003 723 1066 quem
750 983 911 1066 reliquum
935 982 1102 1047 calamitas
1130 981 1259 1065 fecerat,

87 1072 203 1138 absens
231 1072 351 1136 diceret
377 1091 518 1135 causam.
562 1067 677 1154 Itaque
700 1070 875 1154 Amyntas,
902 1071 1011 1154 regius
1038 1076 1183 1154 praetor,
1211 1072 1258 1134 in·
1277 1091 1311 1141 28

87 1161 261 1225 clinantem
289 1159 329 1224 ad
352 1158 606 1224 misericordiam
633 1158 817 1224 contionem
845 1181 956 1225 rursus
984 1181 1099 1243 aspera
1126 1159 1161 1223 in
1184 1159 1259 1223 Phi·

87 1250 178 1314 lotan
198 1249 342 1313 oratione
361 1248 551 1312 commovit:
573 1247 718 1331 proditos
741 1270 795 1313 eos
816 1271 886 1313 esse
909 1248 1072 1332 barbaria,
1095 1248 1258 1312 neminem

88 1339 127 1402 ad
151 1339 320 1421 coniugem
340 1358 432 1401 suam
450 1337 484 1401 in
507 1337 646 1420 patriam
667 1340 699 1401 et
717 1337 758 1401 ad
776 1340 927 1420 parentes
950 1336 1049 1401 fuisse
1067 1336 1256 1401 rediturum:

36 1462 38 1467 ·
86 1428 176 1492 velut
197 1431 346 1490 truncum
364 1446 481 1509 corpus
504 1425 635 1508 dempto
658 1425 763 1509 capite
787 1427 855 1491 sine
878 1426 1009 1509 spiritu,
1033 1426 1103 1490 sine
1125 1425 1257 1490 nomine

86 1516 193 1580 aliena
215 1519 302 1579 terra
329 1513 504 1578 ludibrium
526 1514 632 1579 hostis
655 1513 792 1579 futuros.
836 1514 1096 1600 Haudquaquam
1119 1536 1178 1598 pro
1202 1535 1258 1597 spe
1276 1533 1311 1583 aa

86 1605 188 1689 ipsius
213 1603 374 1688 Amyntae
399 1603 503 1668 oratio
532 1607 628 1686 grata
648 1603 719 1688 regi
747 1603 822 1687 fuit,
851 1603 936 1687 quod
960 1603 1146 1688 coniugum,
1174 1602 1259 1688 quod

86 1694 213 1776 patriae
232 1693 415 1757 admonitos
433 1691 593 1775 pigriores
608 1691 649 1756 ad
663 1696 771 1756 cetera
789 1691 899 1757 munia
915 1691 1101 1775 exequenda
1118 1691 1259 1756 fecisset.

32 1782 170 1849 3ch
193 1780 334 1865 Coenus,
362 1802 556 1865 quamquam
579 1779 729 1846 Philotae
752 1801 895 1845 sororem
919 1780 1126 1845 matrimonio
1151 1801 1259 1845 secum
1278 1802 1313 1851 3ο

86 1872 308 1951 coniunxerat,
326 1874 439 1934 tamen
453 1869 557 1934 acrius
577 1891 674 1954 quam
693 1869 862 1954 quisquam
880 1870 914 1933 in
929 1868 1093 1934 Philotam
1112 1869 1258 1933 invectus

86 1964 148 2041 est,
167 1959 362 2043 parricidam
380 1979 449 2023 esse
467 1957 569 2042 regia,
586 1957 725 2042 patriae,
745 1957 902 2023 exercitus
923 1957 1109 2023 clamitans:
1130 1978 1258 2022 saxum-
1276 1979 1311 2027 31

86 2071 161 2132 que,
184 2048 270 2132 quod
288 2047 374 2113 forte
393 2047 583 2130 antepedes
602 2047 743 2130 iacebat,
766 2047 903 2130 arripuit
922 2047 1099 2112 emissurus
1122 2047 1156 2111 in
1175 2067 1258 2128 eum,

85 2141 122 2202 ut
140 2137 286 2222 plerique
305 2136 521 2214 crediderunt,
543 2135 715 2200 tormentis
735 2135 923 2201 subtrahere
944 2135 1085 2220 cupiens.
1121 2133 1184 2199 Sed
1202 2156 1258 2199 rex

85 2248 218 2290 manum
236 2227 304 2290 eius
321 2225 477 2308 inhibuit,
496 2223 649 2288 dicendae
667 2225 757 2308 prius
772 2246 886 2289 causae
903 2224 1018 2289 de'bere
1032 2224 1102 2289 fieri
1114 2227 1257 2308 potesta-

85 2319 152 2379 tem
171 2336 226 2379 reo
245 2335 303 2378 nec
322 2313 416 2377 aliter
433 2313 569 2377 iudicari
588 2334 759 2396 passurum
778 2334 812 2377 se
831 2312 1016 2378 adfirmans.
1051 2313 1133 2377 Tum
1152 2313 1257 2378 dicere
1276 2333 1311 2383 32

85 2404 192 2466 iussus
215 2402 375 2485 Philotas,
403 2401 470 2466 sive
498 2401 698 2466 conscientia
725 2401 854 2466 sceleris
879 2403 945 2467 sive
972 2401 1107 2487 periculi
1133 2403 1258 2486 magni·

86 2491 197 2555 tudine
225 2512 336 2555 amens
364 2493 397 2554 et
425 2490 597 2573 attonitus,
624 2512 691 2555 non
718 2490 867 2554 attollere
890 2491 1016 2574 oculos,
1044 2513 1110 2556 non
1132 2490 1257 2556 hiscere

85 2578 234 2644 audebat.
287 2579 443 2644 Lacrimis
480 2578 593 2643 deinde
626 2577 833 2643 manantibus
873 2579 1040 2665 linquente
1075 2581 1184 2645 animo
1222 2580 1254 2643 in
1275 2600 1309 2650 33

86 2689 175 2751 eum,
210 2689 230 2731 a
257 2689 319 2751 quo
349 2667 534 2749 tenebatur,
566 2666 727 2731 incubuit:
764 2666 984 2753 abstersisque
1016 2668 1155 2734 amiculo
1189 2668 1256 2732 eiua

86 2756 187 2821 oculis
206 2758 365 2840 paulatim
383 2756 540 2841 recipiens
560 2754 713 2837 spiritum
731 2776 768 2821 ac
785 2778 898 2821 vocem
917 2757 1060 2822 dicturus
1079 2757 1256 2822 videbatur.

85 2844 218 2930 Iamque
236 2867 292 2910 rex
316 2847 443 2910 intuens
463 2866 550 2928 eum,
573 2842 799 2930 ‘Macedones',
821 2845 940 2931 inquit,
964 2845 1014 2910 ‘de
1032 2849 1066 2911 te
1084 2846 1256 2911 iudicaturi
1275 2867 1310 2915 34

119 3096 162 3145 25.
186 3093 333 3146 celatum
359 3093 412 3146 wie
440 3097 464 3149 8.
493 3097 527 3157 ,2²
555 3091 644 3161 capite
697 3093 801 3161 rectam
818 3093 985 3147 inclinavere
1000 3093 1100 3146 audita
1116 3098 1157 3146 to.
1173 3099 1196 3146 7.
1214 3098 1256 3147 12.

84 3164 180 3216 celato.
698 3194 731 3203 —
755 3179 820 3231 ece,
851 3159 924 3218 κατὰ
952 3157 1078 3231 σύνεσιν,
1111 3162 1258 3232 bezuglich

120 3238 163 3286 26.
195 3248 234 3286 ne
264 3248 354 3287 recen
390 3234 533 3302 quidem,
570 3233 643 3288 nahe
697 3235 748 3288 aul
773 3236 929 3290 certionem.
956 3263 989 3273 -
1014 3234 1086 3287 aiae
1111 3235 1257 3300 aperite,

83 3303 323 3357 herankommend
337 3320 373 3358 an
388 3319 445 3358 non
462 3305 541 3359 modo
558 3321 644 3372 recen,
696 3306 770 3359 aine
796 3306 934 3360 nomiae.
981 3301 1110 3358 Gemeint
1141 3303 1180 3357 ist
1207 3303 1257 3358 der

84 3374 208 3428 insolam
240 3375 308 3428 aber
338 3374 400 3428 hier
429 3373 643 3444 sinngemtaeeu
696 3373 1120 3444 Heldengeistu.Heldenname
1134 3374 1256 3428 Alexan-

84 3445 126 3499 als
150 3445 196 3499 ein
221 3446 402 3500 damnatus
425 3444 491 3498 kain
514 3445 641 3515 (blosser)
696 3445 767 3500 dara.
791 3475 826 3486 -
848 3447 985 3513 futuros
1011 3459 1049 3499 ac.
1077 3446 1175 3512 sabee,
1202 3445 1256 3500 wie

83 3533 160 3571 rece
188 3516 269 3570 mehr
293 3516 343 3583 ist,
371 3516 419 3570 der
446 3517 645 3586 ungdnstigcre
698 3517 799 3572 verber
830 3517 915 3583 sciam
942 3517 1095 3572 reditmam
1122 3516 1256 3587 (ntmlich

83 3587 147 3641 Pall
169 3589 254 3643 somit
274 3587 354 3642 nicht
375 3586 465 3642 naban
488 3588 553 3641 dem
634 3617 645 3628 ·
698 3589 755 3643 nisi
775 3587 903 3642 Philotae
919 3589 1075 3644 coniuratio
1092 3589 1257 3658 deprehensa

85 3659 216 3728 stigeren,
227 3658 347 3713 sondern
357 3675 393 3712 an
403 3656 490 3713 Stella
499 3658 578 3712 desse
590 3659 646 3714 ben
697 3660 782 3727 meet).

83 3729 212 3800 vorliegt.
250 3730 315 3798 Vgl.
339 3746 373 3783 ne
391 3771 397 3784 .
418 3771 424 3783 .
444 3729 550 3798 quidem
573 3733 598 3784 8.
620 3735 643 3785 1.
733 3729 1256 3802 29.fece'eaet,nachdeeKtnigsAn-

84 3806 133 3867 443
152 3800 208 3856 Cic.
227 3801 300 3855 Phil.
322 3807 363 3854 13.
382 3805 425 3854 43.
698 3800 783 3871 nieht,
802 3801 890 3858 daher
908 3801 958 3856 der
976 3801 1047 3870 conj.

120 3877 163 3926 27.
177 3872 327 3938 subibat,
339 3870 531 3940 beschlich,
546 3871 643 3926 uber·
733 3879 775 3928 30,
794 3873 1035 3939 coniunxerat,
1054 3872 1105 3926 wie
1124 3877 1165 3926 10.
1180 3878 1205 3926 3.
1222 3879 1253 3926 11

84 3943 160 3997 kam
187 3943 240 3997 wie
268 3949 293 3996 3.
320 3948 344 3997 1.
369 3948 416 4010 19;
444 3946 469 3996 6.
493 3948 517 3996 4.
543 3948 642 4017 111-
695 3945 870 3999 matrimonio
888 3945 979 4000 iaici.

84 4015 228 4068 Hectore
247 4030 267 4067 s.
282 4019 307 4070 4.
327 4017 352 4070 8.
371 4020 401 4080 ῖς
419 4014 559 4068 Nicanore
577 4030 598 4068 s.
618 4020 642 4068 6.
731 4019 774 4069 31.
784 4017 981 4082 emissurus,
993 4013 1098 4070 ‘indam
1108 4014 1256 4071 erMiene

86 4091 110 4138 6.
136 4090 177 4139 18.
200 4115 234 4123 —
257 4086 383 4140 diceret
404 4100 552 4150 coaeum,
573 4083 643 4151 hier,
697 4085 831 4141 machte
848 4103 883 4141 au
901 4085 1091 4154 schlaudern’3
1116 4102 1207 4156 genau
1224 4103 1256 4142 so

84 4155 138 4209 wie
161 4155 203 4210 ott
225 4170 286 4223 aru,
309 4173 362 4210 nur
389 4156 477 4211 aoviel
504 4154 570 4209 wic:
599 4170 641 4209 ae·
695 4156 817 4210 cianura'
844 4163 868 4212 6.
898 4162 922 4214 9.
951 4163 998 4225 1ος
1031 4157 1156 4214 dictarem
1183 4157 1256 4213 oben

84 4232 196 4281 casatos
224 4231 296 4281 esset
342 4227 642 4292 Anders531u'l.
696 4230 773 4290 §³³-

86 4303 110 4350 1.
130 4303 173 4352 20.
731 4303 774 4354 33.
811 4299 983 4367 linquente
1019 4301 1138 4353 animo.
1189 4299 1255 4368 Vgl.
1300 4336 1314 4348 .

119 4374 162 4423 28.
177 4369 412 4434 inclinantem,
425 4367 643 4438 wieieetbpem
695 4367 787 4438 linqui
804 4369 898 4424 animo
916 4375 945 4424 t.
962 4375 1057 4425 6111.
1297 4370 1299 4374 ⁴
