2790 4792
349 229 605 285 HISTORIARUM
622 229 838 285 ALEXANDBI
856 228 917 299 VII,
936 237 960 284 4.
1201 230 1241 294 ‘Il

68 394 168 458 habes
197 393 302 457 fidele:
335 391 420 477 quod
449 391 572 455 diutius
605 392 718 477 exequi
746 413 978 476 supervacuum
1005 396 1063 456 est.
1112 392 1244 458 Nobilis

70 503 168 566 equus
197 482 313 546 umbra
341 501 469 565 quoque
495 481 608 564 virgae
635 481 774 565 regitur,
801 481 938 564 ignavus
966 502 1007 546 ne
1034 481 1153 546 calcari
1176 483 1245 566 qui-

70 570 142 634 dem
179 570 336 634 concitari
371 567 503 652 potest'.
561 568 681 633 Bessus
718 573 751 633 et
787 569 919 652 ingenio
953 573 986 636 et
1017 569 1121 635 multo
1153 591 1243 635 mero
1265 592 1297 640 19

67 659 159 723 ferox
187 659 267 723 adeo
296 658 431 743 exarsit,
463 661 500 721 ut
526 657 583 722 vix
615 657 656 722 ab
688 657 815 742 amicis,
847 679 911 741 quo
943 659 1051 722 minus
1084 658 1245 723 occideret

67 770 150 831 eum,
168 784 206 793 -
223 769 299 811 nam
314 747 489 812 strinxerat
507 766 635 830 quoque
652 746 816 812 acinacem
834 781 871 792 -
888 747 1116 812 contineretur.
1148 744 1244 812 Certe

67 836 217 901 convivio
241 835 393 918 prosiluit
415 833 666 919 haudquaquam
686 838 802 920 potens
820 834 950 900 mentis.
995 832 1139 901 Gobares
1157 836 1244 901 inter

67 925 244 989 tumultum
267 925 396 1007 elapsus
421 923 462 987 ad
485 923 707 988 Alexandrum
731 922 919 1008 transfugit.

14 1014 57 1079 17
156 1031 219 1076 vm
246 1012 339 1076 milia
369 1010 621 1076 Bactrianorum
652 1011 796 1077 habebat
827 1015 953 1076 armata
984 1009 1119 1077 Bessus:
1152 1033 1244 1096 quae,
1262 1033 1296 1081 20

69 1102 221 1184 quamdiu
247 1104 382 1184 propter
404 1100 485 1164 caeli
513 1100 738 1183 intemperiem
765 1100 892 1165 Indiam
919 1100 1029 1184 potins
1048 1099 1243 1165 Macedonas

67 1188 227 1271 petituros
248 1188 464 1273 crediderant,
483 1188 692 1253 oboedienter
710 1189 871 1272 imperata
889 1188 1046 1254 fecerunt:
1069 1194 1243 1273 postquam

67 1277 242 1342 adventare
268 1277 489 1342 Alexandrum
519 1279 711 1362 conpertum
737 1282 801 1360 est,
828 1277 863 1342 in
891 1299 967 1343 suos
998 1279 1132 1362 quisque
1154 1278 1243 1342 vicos

68 1365 188 1449 dilapsi
204 1366 343 1430 Bessum
361 1365 571 1449 reliquerunt.
607 1365 669 1430 1110
688 1387 761 1431 curn
779 1365 948 1431 clientium
971 1358 1081 1450 manu,
1104 1367 1159 1450 qui
1176 1388 1243 1430 non
1262 1386 1296 1436 21

66 1458 274 1520 mutaverant
305 1454 415 1538 fidem,
452 1451 521 1518 Oxo
555 1475 649 1519 amne
682 1457 835 1539 snperato
869 1455 1055 1539 exustisque
1093 1454 1243 1539 navigiis,

66 1542 185 1627 quibus
208 1543 396 1626 transierat,
422 1563 464 1607 ne
487 1541 604 1606 iisdem
627 1542 733 1608 hostis
756 1546 916 1621 uteretur,
942 1564 1044 1608 novas
1067 1543 1179 1626 copias
1208 1544 1244 1608 in

65 1629 240 1717 Sogdianis
264 1631 486 1696 contrahebat.

154 1720 338 1784 Alexander
356 1717 535 1785 Caucasum
560 1718 699 1803 quidem,
721 1722 760 1783 nt
783 1740 881 1803 supra
904 1718 1027 1784 dictum
1051 1723 1109 1798 est,
1132 1724 1239 1785 trans·
1259 1741 1293 1788 aa

63 1809 161 1892 ierat,
189 1809 244 1873 sed
272 1809 385 1892 inopia
411 1806 566 1872 frumenti
591 1809 745 1892 [quoqne]
769 1828 870 1891 prope
893 1807 935 1871 ad
965 1807 1084 1872 famem
1108 1812 1240 1873 ventum

63 1900 144 1961 erat.
190 1895 273 1961 Suco
301 1919 340 1960 ex
364 1918 490 1961 sesama
519 1916 671 1979 expresso
699 1895 787 1960 haud
810 1917 902 1960 secus
931 1918 1028 1979 quam
1051 1896 1122 1960 oleo
1151 1899 1241 1960 artus
1260 1917 1295 1966 03

62 1986 321 2070 perunguebant.
373 1983 436 2050 Sed
468 1983 564 2048 huius
593 1984 662 2049 suci
693 1983 825 2049 ducenis
856 1984 1072 2069 quadragenis
1102 1984 1241 2048 denariis

63 2074 241 2156 amphorae
261 2073 422 2159 singulae,
445 2071 553 2137 mellis
572 2072 714 2137 denariis
732 2072 871 2137 trecenis
889 2072 1083 2157 nonagenis,
1101 2073 1241 2138 trecenis

62 2162 131 2226 vini
164 2161 435 2227 aestimabantur:
467 2160 568 2225 tritici
600 2161 683 2226 nihil
711 2165 769 2226 aut
801 2160 975 2226 admodum
1007 2161 1160 2247 exiguum
1192 2183 1241 2226 re-

61 2251 259 2333 periebatur.
305 2248 394 2314 Siros
418 2249 581 2315 vocabant
602 2250 735 2315 barbari
756 2249 884 2333 serobes,
911 2271 992 2334 quos
1020 2250 1068 2315 ita
1092 2250 1241 2315 sollerter
1260 2270 1295 2319 24

61 2338 279 2420 abscondunt,
306 2343 358 2422 ut,
384 2337 448 2402 nisi
472 2338 528 2422 qui
551 2337 756 2422 defoderunt,
779 2338 924 2403 invenire
946 2359 1014 2403 non
1036 2339 1178 2423 possint:
1206 2339 1242 2403 in

61 2427 115 2491 his
135 2427 284 2492 conditae
307 2425 416 2512 fruges
437 2428 539 2490 erant.
575 2425 614 2490 In
634 2448 771 2510 quarum
794 2426 928 2510 penuria
946 2426 1068 2491 milites
1087 2427 1240 2491 fluviatili

62 2515 151 2600 pisce
176 2520 208 2580 et
229 2515 341 2580 herbis
365 2515 616 2579 sustinebantur.
651 2515 786 2598 Iamque
809 2515 891 2579 haec
913 2515 986 2599 ipsa
1009 2515 1167 2580 alimenta
1189 2515 1240 2581 de
1260 2537 1294 2584 25
1379 2591 1381 2596 ,

61 2604 216 2687 fecerant,
227 2625 299 2669 oum
313 2606 468 2686 iumenta,
482 2603 600 2686 quinus
610 2615 709 2668 onera
721 2603 907 2686 portabant,
916 2602 1049 2667 caedere
1058 2603 1140 2668 iussi
1151 2607 1240 2668 sunt:

62 2828 467 2899 Alexander'sEntscheidung
479 2829 559 2884 nicht
572 2829 625 2882 mit
678 2831 760 2898 gates
788 2827 840 2883 Oel
866 2829 1003 2899 gepresst.
1027 2859 1061 2868 -—
1085 2831 1241 2899 00190001

62 2900 222 2956 Sieherheit
267 2902 470 2970 vorausgesagt
512 2899 625 2955 werden
678 2898 732 2953 wie
754 2900 884 2969 cuiquam
906 2901 997 2969 spotti¹
1010 2899 1071 2955 niv.
1090 2905 1133 2957 22.
1152 2906 1195 2958 24.
1215 2906 1240 2957 8.

61 2973 177 3027 konnte.
714 2976 757 3027 04.
776 2972 864 3026 ciros
899 2967 1017 3041 σιρούς),
1041 2970 1104 3025 (1.1.
1128 2970 1241 3027 Grnben

100 3048 141 3097 18.
160 3042 309 3097 0010οπ
328 3041 469 3098 audivisti.
501 3038 566 3110 Vgl.
585 3041 626 3097 aiv
678 3059 726 3096 zur
753 3039 873 3096 Aufbew
911 3060 984 3113 rung
1015 3058 1072 3097 von
1099 3041 1239 3101 Getreide.

60 3114 210 3169 bobeta-
227 3113 343 3166 umbra
360 3127 500 3182 qvoqve,
518 3110 624 3166 sllinl„
679 3111 791 3168 Sorobis
809 3134 843 3160 τε
858 3117 961 3182 pateas
983 3113 1178 3167 avhtcvvvvocue
1201 3113 1240 3167 ist

62 3190 134 3249 §46
153 3201 180 3253 g.
200 3183 282 3237 Anm.
302 3188 326 3238 1.
679 3199 742 3308 gen.
760 3183 924 3239 communis.
958 3181 1172 3238 Bhoksichtlich
1191 3181 1241 3238 der

100 3261 142 3310 19.
158 3255 327 3320 coavivio,
340 3255 416 3322 poet.
430 3271 456 3308 u
469 3252 625 3308 nachclass.
703 3257 786 3309 onstr.
809 3253 867 3324 vgl.
892 3259 916 3308 3.
936 3259 961 3310 0.
983 3258 1028 3320 1ος
1053 3259 1078 3308 3.
1099 3258 1141 3306 la.
1162 3257 1239 3307 1.-

61 3326 108 3378 fur
132 3342 145 3378 e
173 3325 310 3390 coavivio,
335 3341 349 3378 e
371 3324 468 3379 mediis
495 3323 624 3379 covvvv'vv'a
679 3325 889 3391 defoderunt.
931 3324 988 3379 Das
1005 3323 1089 3378 Wort
1112 3321 1165 3377 mit
1184 3323 1240 3378 01

62 3396 128 3464 Vgl.
145 3400 170 3452 8.
190 3400 215 3449 5.
236 3401 252 3450 9
272 3396 395 3450 coavivio
413 3409 553 3464 eqvessvvn.
675 3393 776 3463 jekten
800 3393 854 3448 wie
875 3409 997 3462 0000000,
1023 3395 1155 3461 scrobem,
1180 3409 1239 3463 spe-

99 3472 142 3520 00.
175 3467 212 3520 iv
245 3482 323 3520 avos
354 3465 496 3535 quisque
526 3464 624 3520 vicos.
680 3466 789 3521 laneam
814 3464 852 3520 ist
873 3467 949 3534 poet
972 3482 1000 3519 n.
1022 3464 1238 3521 nachclassisch.

62 3536 202 3591 Aehnlieh
222 3543 245 3592 6.
268 3543 308 3592 11.
329 3542 345 3590 2
369 3537 428 3592 svis
451 3536 565 3605 quisque
581 3536 626 3591 de·
680 3566 714 3576 -
734 3536 779 3590 lv
796 3552 937 3606 qvorvm
950 3537 1113 3605 penaria,
1136 3534 1189 3591 wie
1207 3537 1241 3591 in

61 3608 198 3663 versariis.
232 3606 296 3676 Vgl.
312 3607 385 3662 auch
399 3605 445 3661 die
461 3604 527 3663 11111.
542 3606 625 3662 Anm.
679 3607 732 3661 1011·
755 3623 809 3675 vv,
827 3607 859 3661 iv
884 3609 1020 3663 communi
1042 3609 1180 3676 periculo,
1207 3609 1240 3663 iv

62 3697 97 3732 zu
111 3684 135 3732 3.
147 3685 171 3732 3.
183 3684 226 3732 25.
249 3676 626 3748 AnalogimGrieehisohen
677 3693 784 3734 samm
808 3693 937 3734 avvvovae
958 3680 1086 3744 0000010,
1113 3679 1145 3732 iv
1167 3695 1240 3733 vove

61 3769 85 3803 z.
95 3749 126 3803 B.
137 3748 240 3805 Herod.
255 3755 280 3803 4.
297 3755 339 3804 13.
351 3755 385 3804 10
398 3746 429 3803 01
440 3747 492 3818 μὲν
507 3746 625 3810 ἕκαστος
678 3749 815 3815 deditione
828 3766 856 3803 u.
871 3753 905 3816 0,
924 3748 1056 3804 deutsch:
1075 3747 1239 3804 inmitten

62 3816 173 3882 εἰςτὰς
193 3818 294 3889 στέγας
317 3815 487 3890 ἐπανῄεσαν.
524 3819 627 3874 Arrian
679 3817 1190 3888 0101010011011111000,001011010.

61 3890 142 3957 giebt
174 3891 219 3946 die
248 3891 317 3946 Zahl
349 3891 399 3946 der
425 3890 546 3946 Baktrer
578 3889 627 3944 101
714 3895 881 3947 000001.
907 3931 913 3943 .
938 3931 945 3944 .
967 3891 1056 3945 ioasi
1082 3895 1161 3944 aaut
1190 3889 1240 3944 ‘da

61 3961 164 4016 Bessus
188 3961 239 4016 auf
255 3963 329 4017 etwa
347 3967 417 4016 7000
435 3978 471 4017 an
496 3959 555 4016 und
578 3962 624 4016 10-
679 3960 773 4015 wnrde
797 3959 972 4016 schliesslivh
996 3960 1046 4015 der
1068 3959 1168 4016 Befehl
1190 3977 1239 4030 ge-

61 4033 191 4087 10101101
209 4032 255 4088 die
272 4034 381 4089 clientes
395 4036 421 4100 (ς
432 4033 480 4101 01)
492 4046 624 4102 generor.
679 4031 792 4102 gehen'.
824 4029 882 4086 Der
899 4032 961 4086 Tou
978 4031 1047 4086 ruht
1064 4030 1116 4085 auf
1132 4031 1239 4086 diesem

99 4110 142 4158 21.
161 4105 198 4158 v'v
217 4103 415 4174 aversanae,
433 4120 454 4158 0.
474 4103 546 4157 oben
565 4105 581 4166 5
598 4105 623 4157 5.
679 4103 851 4172 Satagliede;
875 4101 921 4158 die
940 4101 1073 4171 Ttdtung
1092 4100 1143 4156 der
1159 4101 1239 4156 Last-

98 4181 141 4229 22.
161 4191 280 4244 supra,
297 4173 423 4229 namheh
442 4179 466 4229 3.
486 4179 528 4228 00.
678 4173 769 4230 thiere
783 4190 842 4230 war
859 4173 890 4228 in
905 4173 956 4228 der
970 4172 1045 4229 That
1058 4171 1121 4227 eine
1139 4173 1240 4228 ultima

99 4252 141 4300 03.
157 4261 292 4301 cesamo.
316 4243 476 4300 Ueblicher:
490 4259 624 4299 sesamrvv
677 4246 758 4303 vetio.
774 4277 807 4286 —-
821 4243 1121 4315 portabvvt=sieh
1139 4245 1241 4313 tragen

61 4312 221 4387 (σήσαμον).
259 4316 318 4371 Aus
342 4315 391 4370 der
408 4314 514 4370 Frncht
533 4312 625 4369 dieser
676 4315 787 4372 liessen.
815 4316 926 4372 Andere
941 4315 1082 4372 arkltren:
1095 4315 1127 4382 s'e',
1141 4316 1241 4384 000100

62 4385 294 4458 schotenartigen
315 4385 427 4441 Pteme
446 4385 561 4448 ,warde
577 4382 625 4441 ein
678 4386 720 4457 (in
730 4385 1079 4458 (1010111101οη1Μο
1088 4386 1263 4455 0011010100,
