2790 4792
163 215 225 281 176
608 217 639 284 Q.
661 219 772 274 cuam
789 219 876 274 RUFI

122 379 246 445 soordi
274 383 337 465 est,
366 380 529 466 sequimur
556 382 608 446 vel
638 381 868 447 antecedimus.
915 378 978 446 Sed
1005 381 1034 446 si
1061 381 1246 447 audireris
1268 404 1334 448 non

157 469 250 534 fictas
281 473 413 534 tuorum
444 469 586 535 militum
619 491 730 555 voces,
764 491 874 535 verum
905 470 1099 536 necessitate
1130 470 1252 536 ultima
1283 493 1335 536 ex·

156 578 299 642 pressas,
325 558 460 642 praebe,
489 579 623 642 quaeso,
648 558 808 643 propitias
836 579 930 624 aures
958 559 1130 643 imperium
1154 562 1255 644 atque
1280 582 1334 625 au-

157 645 293 730 spicium
325 649 417 711 tuum
448 647 714 712 constantissime
745 647 864 712 secutis
898 650 945 730 et,
981 668 1181 733 quocumque
1213 649 1335 733 pergis,

123 748 138 797 r
157 735 323 799 secuturis.
368 733 500 819 Vicisti,
527 756 597 818 rex,
625 735 849 820 magnitudine
870 757 978 801 rerum
1000 758 1065 802 non
1087 736 1201 802 hostes
1227 738 1334 821 modo,

156 823 212 887 sed
244 824 345 888 etiam
376 823 506 888 milites.
559 823 722 910 Quidquid
752 825 936 891 mortalitas
968 846 1082 910 capere
1109 829 1254 910 poterat,
1287 827 1335 891 in·

155 912 323 995 plevimus.
367 911 520 977 Emensis
552 913 657 978 maria
687 917 854 999 terrasque
880 914 999 992 {melius
1030 913 1125 980 nobis
1154 936 1256 999 quam
1288 915 1335 981 in-

156 1001 237 1065 colis
269 1001 379 1066 omnia
405 1004 486 1066 nota
514 1005 598 1067 sunt.
647 1001 754 1067 Paene
781 1003 817 1066 in
846 1003 962 1067 ultimo
995 1001 1107 1068 mundi
1133 1003 1198 1067 fine
1230 1005 1334 1070 consi·

120 1089 282 1154 sstimus.
330 1088 369 1154 In
402 1089 503 1154 alium
530 1090 642 1156 orbem
668 1112 766 1175 paras
793 1090 840 1155 ire
868 1093 901 1155 et
930 1089 1058 1155 Indiam
1086 1091 1216 1175 quaeris
1244 1091 1334 1157 Indis

156 1198 283 1262 quoque
307 1179 468 1263 ignotam:
496 1178 582 1242 inter
607 1179 694 1243 feras
722 1182 951 1264 serpentesque
978 1179 1132 1264 degentes
1156 1201 1273 1246 eruere
1297 1203 1335 1246 ex

155 1265 290 1331 latebris
319 1270 352 1330 et
381 1266 543 1331 eubilibus
574 1268 641 1332 suis
671 1268 809 1352 expetis,
836 1271 873 1332 ut
899 1269 1005 1351 plura,
1034 1290 1131 1353 quam
1160 1269 1211 1334 sol
1237 1270 1335 1353 ridet,

120 1367 136 1414 s
156 1354 291 1420 victoria
312 1356 440 1419 lustros.
481 1354 590 1441 Digna
608 1378 741 1439 prorsus
760 1356 919 1441 cogitatio
939 1355 1047 1421 animo
1065 1360 1133 1441 tuo,
1157 1357 1214 1422 sed
1236 1358 1335 1423 altior

154 1447 276 1509 nostro.
318 1443 431 1508 Virtus
455 1443 541 1507 enim
560 1447 618 1508 tua
636 1466 762 1530 semper
780 1445 817 1509 iri
834 1443 1034 1510 incremento
1053 1445 1124 1530 erit,
1146 1449 1267 1512 nostra
1285 1447 1334 1512 vis

103 1544 135 1592 10
153 1532 219 1596 iam
246 1533 281 1596 in
305 1531 368 1596 fine
387 1534 447 1598 est.
492 1532 623 1597 Intuere
646 1554 782 1617 corpora
804 1532 995 1618 exsanguia,
1016 1535 1068 1599 tot
1089 1533 1243 1617 perfossa
1266 1535 1335 1600 vul-

153 1620 301 1704 neribus,
327 1624 379 1686 tot
406 1620 610 1687 cicatricibus
638 1622 755 1706 putria.
799 1620 871 1689 Iam
893 1623 961 1687 tela
987 1621 1119 1687 hebetia
1147 1626 1241 1706 sunt,
1270 1623 1335 1689 iam

155 1730 247 1773 arma
275 1709 435 1775 deficiunt.
479 1709 614 1775 Vestem
643 1711 809 1777 Persicam
836 1711 1013 1796 induimus,
1045 1711 1122 1794 quia
1152 1711 1336 1778 domestica

102 1810 133 1857 11
155 1797 291 1863 subvehi
308 1820 374 1864 non
391 1801 510 1883 potest.
546 1797 587 1864 In
606 1803 774 1865 externum
793 1799 1040 1885 degneravimus
1057 1799 1189 1865 cultum.
1224 1799 1335 1878 Quoto

154 1886 267 1971 cuique
300 1887 402 1953 lorica
435 1887 507 1953 est?
540 1886 612 1972 quis
645 1909 765 1973 equum
792 1888 914 1954 habet?
963 1887 1043 1953 Iube
1071 1889 1200 1972 quaeri,
1235 1911 1336 1974 quam

154 1976 276 2040 multos
304 1975 390 2040 servi
412 1976 557 2060 ipsorum
580 1978 745 2060 persecuti
767 1977 847 2060 sint,
877 1975 952 2062 quid
979 1976 1094 2061 cuique
1121 1979 1270 2060 supersit
1298 2001 1336 2043 ex

152 2064 282 2148 praeda.
323 2063 476 2129 Omnium
493 2065 634 2130 victores
654 2067 799 2131 omnium
816 2065 929 2150 inopes
953 2086 1072 2130 sumus.
1112 2063 1184 2130 Neo
1202 2066 1336 2132 luxuria

102 2165 133 2212 12
153 2153 353 2238 laboramus,
381 2152 437 2218 sed
464 2153 552 2218 bello
574 2153 790 2220 instrumenta
813 2153 891 2217 belli
914 2153 1187 2238 consumpsimus.
1236 2155 1335 2221 Hunc

152 2244 188 2305 tu
206 2241 461 2326 pulcherrimum
480 2242 657 2306 exercitum
673 2242 795 2308 nudum
815 2241 934 2307 obicies
952 2240 1081 2307 beluis?
1122 2241 1275 2318 Quarum
1299 2249 1335 2309 ut

153 2330 396 2395 multitudinem
428 2333 570 2414 augeant
602 2331 641 2395 de
668 2330 829 2397 industria
856 2330 1002 2413 barbari,
1032 2351 1190 2416 magnum
1221 2336 1335 2398 tamen

103 2431 134 2480 13
155 2439 224 2483 esse
256 2441 427 2483 numerum
460 2420 559 2484 etiam
589 2441 627 2484 ex
655 2418 821 2485 mendacio
850 2418 1015 2502 intellege.
1066 2416 1191 2494 Quodsi
1227 2421 1334 2487 adhuc

154 2510 323 2592 penetrare
346 2508 382 2572 in
404 2507 529 2574 Indiam
555 2511 678 2573 certum
702 2513 764 2586 est,
787 2507 877 2593 regio
902 2529 922 2571 a
945 2507 1079 2572 meridie
1102 2509 1212 2573 minus
1238 2515 1334 2575 vasta

155 2603 219 2681 est,
247 2619 311 2682 qua
339 2598 475 2662 subacta
502 2597 613 2662 licebit
637 2597 804 2662 decurrere
827 2597 863 2661 in
886 2595 967 2660 illud
990 2618 1095 2678 mare,
1121 2596 1209 2679 quod
1234 2600 1333 2664 rebus

152 2841 189 2878 sc.
208 2825 239 2876 ie
256 2826 363 2891 incepto
382 2828 444 2890 11ος
462 2825 563 2879 ebenso
580 2829 606 2878 4.
622 2830 646 2880 3.
665 2830 710 2890 11;
766 2824 881 2892 Indiae,
895 2828 1005 2891 partem
1018 2825 1130 2879 Indice.
1147 2854 1181 2863 —
1201 2842 1332 2892 eruere,

151 2900 220 2948 5.·9.
242 2899 320 2947 1011.
341 2899 366 2948 ὃ.
385 2925 420 2933 -
437 2895 488 2948 uel
508 2919 541 2940 =
560 2896 710 2948 ueletiam.
765 2912 785 2948 s.
805 2901 830 2947 2.
850 2899 873 2948 9.
895 2924 928 2933 -
947 2896 1095 2949 victoria
1114 2896 1259 2963 lustres,
1279 2896 1331 2951 wie

149 2964 213 3033 Vgl.
232 2964 364 3033 ubrigens
383 2970 407 3020 9.
430 2971 461 3018 17
486 2965 683 3033 sequentibus.
704 3008 710 3019 .
765 2964 820 3019 Cio.
840 2982 867 3033 p.
885 2963 971 3019 Marc.
991 2970 1006 3019 5
1031 2971 1120 3020 terrae
1141 2967 1273 3022 victoriis
1291 2969 1330 3022 lte

150 3036 340 3090 antecedentes.
764 3039 868 3089 straten
885 3033 943 3088 und
962 3035 1033 3090 oben
1048 3043 1072 3092 3.
1088 3042 1113 3090 5.
1129 3042 1145 3090 6
1164 3038 1230 3093 vict.
1247 3055 1330 3107 pera-

185 3113 210 3161 6.
228 3108 348 3174 fictos,
367 3104 419 3160 auf
434 3104 495 3160 eine
513 3105 605 3160 blosse
619 3105 710 3160 111111-
763 3122 845 3175 9rare
862 3110 957 3161 terras.

150 3194 231 3233 soene
252 3177 416 3245 berechnet‚
440 3177 635 3231 heuchleriscb
653 3178 711 3230 und
799 3182 824 3230 9.
843 3177 880 3229 ia
897 3177 1100 3231 incremento
1120 3219 1172 3232 ...
1192 3179 1232 3233 ire
1250 3181 1328 3246 fiere.

146 3248 333 3304 iibertrieben.
353 3275 387 3286 -
434 3249 530 3318 argis.
567 3247 624 3301 Das
642 3247 708 3302 Pra-
762 3246 873 3315 Analog
899 3247 938 3301 ist
964 3248 997 3301 ia
1024 3248 1133 3315 timim,
1159 3251 1328 3318 primordio,

147 3336 210 3375 sens
229 3319 309 3389 giebt
326 3319 390 3373 dem
405 3264 558 3373 dedanim
576 3319 638 3373 eine
658 3319 708 3372 all·
761 3319 839 3372 eaitu
855 3322 929 3372 sture
947 3336 968 3372 s.
987 3323 1012 3373 2.
1033 3323 1065 3372 11
1086 3337 1112 3372 u.
1132 3325 1176 3374 26.

148 3391 288 3459 gemeine,
316 3390 368 3444 anf
387 3390 444 3445 alle
467 3389 563 3444 Zeiten
586 3390 646 3445 sich
667 3405 709 3443 er·
799 3395 840 3443 10.
868 3389 1159 3458 degeneravimus,
1182 3392 1239 3447 wie
1259 3398 1284 3447 8.
1303 3399 1326 3447 5.

149 3461 314 3515 sueokende
332 3460 468 3530 Fassung.
764 3465 798 3513 14
815 3461 848 3514 ia
861 3461 1022 3528 peregriaos
1039 3462 1112 3514 ritas
1130 3461 1305 3530 depenerme.

186 3537 209 3585 1.
236 3532 375 3598 milites,
397 3530 522 3586 insolam
544 3532 621 3587 diese
645 3531 709 3585 dem
799 3536 840 3583 11.
869 3532 1026 3596 luxuria,
1053 3532 1110 3586 abl.
1135 3548 1255 3603 causae,
1285 3535 1326 3588 ‘in

147 3601 236 3671 Fluge
255 3600 350 3655 deines
366 3601 476 3656 Geistes
490 3601 569 3657 nieht
581 3603 662 3657 mehr
675 3620 710 3656 an
761 3601 850 3670 Folge
864 3617 978 3656 unserer
991 3601 1272 3674 Versohwendung'.
1300 3605 1325 3658 S.

147 3671 243 3741 folgen
256 3677 416 3740 vermbgen.
439 3672 604 3728 Uebersetae
619 3677 705 3728 etwa:
759 3671 833 3725 Einl.
843 3676 858 3736 ὅ
869 3670 931 3725 301,
941 3702 975 3712 -
985 3673 1217 3729 instrumenta
1232 3677 1324 3740 belli,

150 3743 203 3797 ‘du
230 3744 296 3796 bast
319 3743 436 3797 murbe
461 3744 646 3811 gemacht’.
672 3775 705 3783 -
761 3741 824 3794 ‘die
846 3741 951 3811 ningo,
979 3743 1024 3797 die
1047 3762 1110 3796 zum
1133 3744 1326 3815 Kriegfuhren

147 3815 353 3880 mortalitas,
379 3815 405 3867 d.
425 3814 707 3869 immaturiores
759 3811 915 3881 unbedingt
936 3813 1037 3884 nbthig
1058 3814 1153 3882 sind'3
1178 3816 1236 3871 den
1259 3819 1325 3872 Ver·

146 3885 200 3939 wie
223 3891 247 3939 5.
272 3890 296 3940 5.
323 3891 368 3951 173
397 3890 421 3939 8.
442 3891 466 3938 4.
487 3891 529 3939 24.
576 3885 705 3940 Disselbe
758 3883 817 3936 lust
843 3882 892 3936 der
914 3885 1024 3952 praedo
1051 3888 1077 3952 (ξ
1102 3888 1147 3955 11)
1176 3887 1251 3942 11111
1278 3887 1325 3942 der

146 3954 251 4010 Phrase
269 3957 341 4010 auch
362 3961 401 4010 10.
421 3961 445 4009 5.
466 3963 508 4010 36.
545 3955 610 4025 Vgl.
631 3955 705 4010 iibri·
759 3954 870 4008 Redner
888 3954 1057 4009 absiohtlich
1071 3955 1133 4010 hier
1147 3959 1324 4014 unerwltbnt.

146 4044 215 4096 gens
234 4027 279 4080 die
298 4043 368 4095 ganz
387 4025 517 4080 thuliobe
538 4027 625 4081 Stelle
643 4026 705 4080 Seu.
796 4030 838 4079 12.
850 4025 1018 4095 intellego.
1033 4026 1326 4100 DerRednerspricht

146 4114 219 4153 suas.
241 4103 265 4152 1.
281 4103 368 4150 rna
388 4098 460 4165 (eine
479 4096 704 4151 Schuldeclama-
757 4114 810 4149 nur
832 4112 888 4150 von
911 4094 982 4163 sich3
1006 4113 1037 4150 er
1059 4100 1131 4152 setat
1152 4099 1250 4155 scine
1269 4100 1324 4154 An-

145 4168 205 4223 tion
225 4168 293 4222 tiber
311 4168 387 4221 diese
407 4167 566 4236 situation).
759 4167 832 4221 siebt
846 4167 896 4220 der
904 4167 1077 4222 Alexanders
1087 4170 1208 4240 (salt)
1219 4188 1323 4241 gagen-

181 4245 205 4293 8.
226 4241 262 4292 in
276 4240 380 4293 atium
393 4238 508 4293 orbem.
540 4237 605 4306 Vgl.
620 4238 705 4291 alium
759 4236 836 4292 fiber.

145 4315 284 4376 naturam,
303 4311 390 4364 atium
408 4310 497 4363 orbem
515 4309 623 4376 operire
638 4309 706 4362 mibi
796 4314 838 4363 13.
854 4309 974 4374 adbuc,
988 4308 1075 4363 ‘noch
1084 4309 1207 4380 weiter',
1218 4329 1240 4368 s.
1250 4311 1322 4366 Einl.

133 4383 228 4438 statui
239 4388 263 4439 6.
279 4387 322 4438 20.
339 4414 375 4423 —
390 4382 414 4436 I
416 4380 710 4452 ndiam=re9iooes
762 4383 844 4444 111.
