2790 4792
367 208 623 265 HISTORIAR-UM
641 210 857 267 ALEXANDRI
874 212 922 281 IV,
942 220 984 269 10.

77 372 270 437 satietatem
294 394 420 457 quoque
447 373 540 456 copia
567 376 804 437 commeatuum
826 374 1003 440 instructus
1026 375 1205 459 quadriduo
1227 377 1264 441 in

85 460 199 525 eodem
222 460 293 525 loco
318 460 473 525 substitit.

1201 214 1266 279 145

175 547 376 632 Interceptae
400 548 513 613 deinde
536 546 635 612 Darei
656 548 784 613 litterae
807 552 896 627 sunt,
925 551 1042 635 quibus
1066 550 1180 616 Graeci
1202 553 1316 621 121-12

83 637 159 700 11122
183 637 453 720 sollicitabantur,
485 640 522 701 ut
548 657 658 722 regem
686 640 742 700 aut
763 636 982 702 interficerent
1004 642 1060 702 aut
1082 639 1263 725 proderent,

84 724 317 810 debueritque,
340 747 382 788 an
405 746 459 790 eas
478 747 537 809 pro
560 725 711 790 contione
730 725 890 809 recitaret,
912 726 990 790 satis
1010 727 1151 792 confisus
1165 726 1261 793 Grae-

84 835 197 878 corum
225 834 351 898 quoque
380 835 457 899 erga
484 835 518 877 se
546 814 780 877 benivolentiae
808 834 846 878 ac
875 814 957 877 fidei.
1004 813 1065 879 Sed
1088 815 1314 885 Parmenion

84 901 252 985 deterruit,
284 922 349 966 222
374 923 443 967 2222
470 901 590 966 talibus
613 902 780 986 promissis
803 902 983 966 inbuendas
1007 925 1098 968 aures
1121 904 1262 970 militum

85 989 273 1054 adfirmans:
309 993 419 1074 patere
451 990 502 1055 vel
529 990 623 1055 unius
651 990 777 1055 insidiis
804 1011 929 1075 regem:
961 991 1044 1055 nihil
1071 991 1163 1056 nefas
1191 1014 1261 1058 esse

28 1079 71 1142 41
85 1078 249 1142 avaritiae.
279 1075 413 1143 Secutus
437 1079 564 1143 consilii
587 1081 750 1143 auctorem
773 1083 880 1143 castra
902 1079 1013 1143 movit.
1046 1079 1112 1145 Iter
1129 1079 1262 1146 facienti
1282 1102 1316 1150 18

84 1165 186 1250 spado
211 1188 229 1229 e
251 1167 396 1250 captivis,
420 1168 474 1253 qui
488 1165 587 1231 Darei
610 1189 742 1231 uxorem
765 1166 1011 1252 comitabantur,
1034 1168 1168 1234 deficere
1191 1192 1262 1235 eam

83 1254 217 1318 nuntiat
239 1255 346 1319 21211
369 1256 518 1338 spiritum
540 1255 663 1320 ducere.
694 1254 824 1319 Itineris
847 1256 992 1320 continui
1014 1256 1124 1322 labore
1147 1260 1315 1327 animi-19

83 1365 147 1426 que
171 1343 370 1428 aegritudine
392 1343 531 1429 fatigata
549 1345 633 1408 inter
647 1364 758 1408 socrus
773 1347 805 1407 et
818 1344 980 1428 virginum
993 1344 1132 1410 filiarum
1147 1369 1261 1413 manus

82 1431 240 1515 conlapsa
271 1435 353 1515 erat,
385 1431 498 1496 deinde
531 1436 564 1496 et
594 1432 744 1497 extincta.
789 1431 827 1495 Id
859 1432 966 1515 ipsum
997 1435 1151 1499 nuntians
1180 1436 1262 1499 alius

83 1520 280 1604 supervenit.
314 1518 360 1584 Et
377 1542 433 1584 rex
450 1521 539 1584 haud
557 1541 657 1605 secus,
680 1542 778 1605 quam
797 1519 825 1584 si
843 1522 986 1602 parentis
1005 1544 1092 1587 mors
1110 1523 1263 1588 nuntiata
1281 1542 1317 1590 22

81 1611 180 1691 esset,
203 1607 331 1672 crebros
354 1608 454 1672 edidit
477 1610 616 1694 gemitus
638 1609 844 1693 lacrimisque
861 1609 994 1691 obortis,
1016 1611 1121 1694 qualis
1135 1608 1261 1677 Dareus

82 1696 290 1781 profudisset,
312 1697 347 1760 in
369 1697 621 1780 tabernaculum,
643 1697 678 1760 in
702 1719 766 1781 quo
779 1699 884 1760 mater
898 1701 968 1761 erat
980 1696 1087 1778 Darei,
1110 1698 1261 1765 detineto

83 1785 235 1849 adsidens
267 1786 406 1870 corpori,
437 1785 534 1849 venit.
578 1783 642 1849 Hic
673 1806 750 1850 vero
781 1787 955 1849 renovatus
983 1790 1032 1849 est
1054 1808 1193 1869 maeror,
1225 1792 1262 1852 ut
1280 1808 1313 1856 21

82 1877 283 1956 prostratam
309 1874 400 1938 humi
427 1873 516 1938 vidit.
560 1872 694 1937 Recenti
723 1874 808 1937 malo
835 1874 977 1956 priorum
1002 1896 1129 1959 quoque
1152 1876 1261 1941 admo-

82 1963 155 2025 nita
185 1965 351 2044 receperat
382 1963 417 2025 in
449 1961 608 2047 gremium
639 1961 765 2025 adultas
796 1962 952 2046 virgines,
983 1983 1104 2048 magna
1133 1964 1262 2049 quidem

83 2051 190 2115 mutui
213 2050 332 2115 doloris
356 2050 485 2134 solacia,
508 2051 564 2115 sed
588 2050 705 2135 quibus
727 2050 800 2133 ipsa
822 2050 954 2115 deberet
975 2072 1044 2114 esse
1064 2052 1191 2118 solacio.
1220 2052 1261 2118 In
1280 2073 1314 2120 22

82 2141 258 2222 conspectu
281 2142 351 2203 erat
372 2161 472 2223 nepos
495 2140 662 2223 parvulus,
694 2139 736 2203 ob
757 2138 791 2203 id
813 2138 919 2222 ipsum
942 2139 1148 2224 miserabilis,
1175 2142 1261 2225 quod

81 2227 229 2291 nondum
252 2227 413 2292 sentiebat
435 2228 660 2308 calamitatem,
682 2249 721 2291 ex
744 2227 885 2291 maxima
907 2231 998 2310 parte
1021 2229 1062 2292 ad
1084 2229 1191 2312 ipsum
1213 2251 1262 2293 re·

83 2315 292 2380 dundantem.
346 2313 499 2381 Crederes
531 2315 752 2381 Alexandrum
783 2316 870 2379 inter
901 2338 976 2380 suas
1007 2316 1259 2382 necessitudines
1279 2338 1314 2386 23

82 2403 159 2467 flere
183 2407 216 2467 et
239 2405 359 2468 solacia
381 2426 448 2468 non
471 2405 636 2487 adhibere,
667 2404 722 2468 sed
745 2424 906 2488 quaerere.
952 2403 1032 2469 (libo
1055 2409 1140 2470 certe
1164 2407 1261 2471 absti-

84 2492 156 2557 nuit
179 2514 368 2577 0mnemque
391 2493 547 2557 honorem
569 2492 674 2556 funeri
696 2492 801 2575 patrio
815 2491 986 2556 Persarum
1005 2515 1094 2557 more
1112 2496 1261 2579 servavit,

84 2665 187 2720 weile’.
219 2698 253 2706 -
286 2682 411 2735 quoque
455 2667 504 2721 eht
526 2665 647 2720 aufden

84 2753 191 2805 ganzen
205 2735 271 2791 Sata
285 2736 333 2805 (da
346 2753 376 2791 er
389 2754 441 2791 auc
472 2739 525 2806 ...)
544 2755 564 2790 2.
573 2736 646 2790 aina

85 2812 109 2872 ς,
129 2814 201 2861 512.
233 2838 267 2846 -
299 2809 336 2861 iu
353 2809 461 2863 eodem
479 2809 550 2863 loeo
572 2807 599 2861 d.
618 2807 645 2861 b.

85 2885 102 2931 4
120 2876 224 2933 Μ21122
241 2895 297 2933 222
315 2878 415 2933 Darius
434 2879 568 2945 entfernt;
588 2877 646 2933 die-

84 2948 161 3003 selbe
175 2949 347 3020 Zeitangabe
365 2950 416 3003 hat
433 2950 504 3004 auch
518 2950 645 3004 111229.

121 3026 162 3074 16.
178 3020 353 3075 dubitavit
367 3037 453 3074 au=
463 3019 646 3088 ‘schwanlrta

83 3091 120 3145 ob
138 3090 238 3147 nicht’.
271 3090 297 3144 S.
314 3090 388 3144 Einl.
408 3096 430 3156 ξ.
450 3092 517 3146 aad.
549 3090 647 3145 Dieser

23 3224 27 3231 ,
83 3160 232 3216 Gebrauch
255 3161 303 3216 des
320 3161 512 3231 Fragewortes
529 3161 567 3216 ist
584 3178 645 3216 vor-

83 3232 251 3286 herrschend
268 3232 484 3287 nacbclassiscb.

121 3309 162 3357 17.
190 3304 395 3367 iubueudus,
422 3301 646 3356 2211212821)-

78 3373 145 3443 jekt
171 3389 252 3428 22222
278 3374 351 3427 auch
378 3374 444 3427 Tac.
472 3373 537 3427 bist.
563 3379 588 3427 4.
616 3379 645 3440 ⁷3

78 3448 193 3512 pectora
218 3444 376 3499 inbuuntur
402 3445 499 3513 211222
521 3460 550 3498 re
581 3446 646 3513 sagt

83 3514 188 3570 Cicero.
208 3544 241 3553 -
264 3520 383 3584 patere
404 3514 458 3568 wie
475 3519 568 3583 putere
585 3515 646 3568 uul-

81 3586 228 3640 22212223.
239 3591 281 3640 26.
315 3585 344 3640 C.
354 3584 415 3639 will
427 3602 524 3655 sagon:
544 3584 647 3639 Einer

80 3660 192 3726 genfige
210 3674 260 3709 zur
271 3655 454 3728 Gefflhrdung
468 3655 516 3710 des
530 3655 644 3725 Konigs.

118 3733 160 3780 19.
179 3744 193 3780 2
210 3729 358 3796 captivis
370 3726 425 3781 wie
438 3727 599 3782 1222221122
612 3744 646 3781 ea

76 3799 245 3866 purpuratis
263 3803 288 3852 3.
309 3805 350 3852 12.
370 3803 395 3852 7.

117 3874 159 3922 20.
179 3867 225 3922 Et
240 3884 310 3935 rea3
330 3874 360 3922 21
373 3893 407 3913 =
421 3867 517 3936 sofort‚
536 3868 589 3922 2212
604 3868 644 3923 of-

79 3940 146 3992 ters.
157 3969 191 3978 —
205 3938 408 4007 quelicDar.
418 3939 643 4007 profudisset.

80 4007 217 4063 Deutsch:
249 4008 303 4064 wie
330 4008 371 4064 eie
397 4028 451 4064 nur
472 4010 538 4065 Dar.
563 4009 644 4063 hatte

80 4096 129 4134 ver
151 4080 240 4134 ’essen
256 4079 381 4151 konnen,
407 4081 483 4135 21121.
504 4088 545 4135 11.
564 4086 589 4134 4.
610 4110 642 4118 -

81 4098 240 4217 (1211122212
259 4168 280 4205 2.
298 4157 323 4206 3.
344 4158 385 4206 12.
406 4159 447 4206 15.

116 4229 159 4276 21.
182 4224 219 4276 iu
240 4223 399 4291 premium
425 4222 479 4277 2212
502 4229 527 4276 3.
548 4227 589 4275 11.
609 4227 643 4275 24

79 4293 112 4346 iu
128 4295 229 4347 riuum.
259 4291 332 4347 Wir:
353 4293 446 4350 ‘hatte
464 4310 501 4347 an
518 4291 578 4347 sich
596 4308 643 4361 ge-

78 4380 176 4434 zogen,
193 4363 267 4418 hielt
283 4364 509 4435 umschlungen’.
524 4395 557 4403 -
576 4379 643 4418 mu-

134 4463 230 4513 1122112,
245 4463 271 4513 Q.
285 4461 384 4503 0211122.
397 4462 417 4502 1.
444 4461 538 4503 22211.

699 2666 764 2730 tui,
782 2665 843 2719 hier
855 2665 936 2719 nicht
952 2666 1180 2734 ‘abwechselnd’,
1198 2684 1262 2721 eon-

700 2735 769 2789 dern
803 2735 878 2789 ‘auf
906 2734 1029 2790 beiden
1058 2736 1175 2791 Seiten
1206 2756 1262 2791 zu-

699 2806 829 2877 gleich,
847 2806 1075 2877 gemeineam'.
1107 2808 1217 2863 Ebenso
1235 2815 1262 2863 4.

701 2883 807 2944 16.12;
827 2884 949 2932 5.12.8.
980 2878 1042 2933 Nur
1059 2878 1105 2933 die
1124 2880 1197 2935 erate
1210 2880 1262 2934 Be-

700 2947 826 3018 deutung
842 2947 954 3003 konnen
970 2948 1016 3003 die
1029 2948 1177 3005 Olaseiker.
1196 2948 1262 3021 Vgl.

699 3024 807 3085 mutuo,
824 3019 898 3075 Einl.
917 3025 940 3085 ς.
960 3025 1002 3074 22.

735 3097 779 3144 22.
811 3106 849 3144 ere
879 3108 960 3144 mure.
989 3096 1100 3159 parte,
1137 3091 1261 3146 dieselbe
1340 3074 1344 3079 ¹

700 3159 906 3230 Wortstellung
923 3159 1071 3215 22211012.
1090 3177 1154 3230 epp.
1175 3168 1215 3216 10.
1236 3169 1260 3217 5.

700 3237 729 3297 33
743 3231 944 3285 11237225.
962 3230 1262 3286 Anderwarteechiebt

699 3302 772 3355 auch
795 3300 825 3355 C.
854 3301 899 3354 die
921 3300 1098 3370 Praposition
1122 3300 1179 3370 ein,
1207 3301 1262 3356 2212

699 3371 745 3426 die
765 3370 905 3426 0122211121
926 3370 956 3424 12
979 3371 1028 3425 (121
1045 3371 1142 3441 Regel.
1179 3370 1216 3426 So
1235 3378 1260 3427 2.

701 3448 746 3507 11;
767 3448 791 3497 2.
811 3448 856 3508 aa
878 3448 919 3497 12.
939 3448 973 3496 22
992 3460 1020 3495 u.
1039 3447 1065 3496 o.

735 3519 778 3566 23.
810 3513 1078 3567 necessitudines
1114 3538 1148 3558 =
1179 3512 1261 3567 Ver·

699 3582 938 3653 wandtscbaft,
956 3582 1168 3653 Verwandte,
1186 3583 1260 3641 Binl.

698 3659 722 3719 §-
742 3660 767 3706 ὅ.
786 3684 819 3693 -
847 3654 1198 3724 22222211,22122291212
1214 3656 1261 3709 bo·

698 3739 748 3778 uos
765 3730 888 3780 22222122
906 3731 945 3781 est
958 3731 982 3792 §.
992 3731 1026 3780 28
1041 3725 1114 3780 nach
1122 3724 1261 3794 Analogia

697 3810 753 3848 222
777 3796 886 3863 babere,
912 3802 1064 3865 praestare.
1102 3828 1136 3836 —
1171 3795 1262 3861 ferat

697 3866 857 3933 fructum,
878 3867 988 3922 ‘Lohn
1001 3867 1118 3935 ernte’,
1137 3866 1261 3933 2212212-

698 3937 765 3990 tatis
782 3937 818 4002 fr.
835 3938 916 4007 ferre,
935 3936 992 3992 Oic.
1006 3956 1033 4007 p.
1048 3937 1119 3991 Sest.
1134 3942 1176 3990 68.
1207 3933 1261 3989 Ge·

698 4006 787 4061 meint
799 4007 838 4062 ist
851 4008 901 4062 der
914 4007 995 4062 Lohn
1008 4008 1057 4061 (122
1069 4006 1257 4072 Nachruhms;

697 4077 857 4147 τυγχανέτω
885 4077 934 4133 221
956 4073 1034 4145 παρὰ
1064 4078 1120 4131 τῶν
1143 4094 1259 4146 μεταγε-

697 4148 835 4217 νεστέρων
845 4151 958 4204 δικαίου
968 4148 1018 4204 2221
1030 4146 1188 4218 πρέποντος
1196 4152 1260 4209 ταῖς

697 4218 784 4282 ἰδίαις
801 4216 916 4288 ἀρεταῖς
934 4215 1053 4274 ἐπαίνου
1071 4219 1135 4288 eagt
1153 4216 1261 4272 Diodor

697 4296 740 4344 1⁷.
759 4297 801 4346 38.
822 4297 837 4345 7
864 4290 895 4345 12
919 4289 1058 4360 gleicbem
1082 4289 1260 4343 Zusammen-

696 4361 780 4432 hang.

1012 4454 1045 4503 10

1308 4432 1336 4512 ,1
