2790 4792
142 206 208 269 214
592 207 624 274 Q.
644 205 755 264 coam
773 207 860 264 111111

86 381 121 431 34
139 374 288 456 egestum
316 391 429 453 capere
457 393 524 436 non
550 369 700 455 possint?
743 369 836 446 Quod
866 371 981 435 adme
1005 371 1135 454 attinet,
1163 373 1233 457 ipse
1257 373 1321 439 hoe

140 460 273 523 bustum
297 463 393 524 antea
415 480 482 524 non
504 459 663 543 videram,
686 459 743 524 sed
768 480 806 524 ex
824 458 933 524 Dareo
956 459 1005 525 ita
1023 461 1146 544 accepi,
1169 479 1208 525 111
1227 461 1322 527 milia

86 559 120 608 35
139 548 299 612 talentum
327 547 457 613 condita
485 569 555 613 esse
578 570 652 613 eum
674 545 771 631 Oyro.
817 546 903 612 Hinc
926 547 985 612 illa
1008 549 1195 634 benignitas
1219 550 1255 614 in
1276 554 1321 635 te,

138 640 189 720 ut,
216 636 303 720 quod
327 636 458 721 impune
481 637 602 702 habere
624 658 691 702 non
718 638 863 720 poterat,
888 635 1018 702 Orsines
1043 635 1193 704 donando
1218 639 1321 704 etiam

44 783 48 790 .
87 736 121 784 34
140 724 281 810 gratiam
309 724 429 790 iniret.'
476 723 704 791 Concitaverat
731 725 797 790 iam
826 725 972 789 animum
996 724 1030 789 in
1052 726 1149 809 iram,
1177 748 1252 792 cum
1275 727 1321 813 hi,

139 814 257 899 qulbus
287 813 457 899 negotium
484 813 570 878 idem
597 813 744 897 dederat,
777 814 1016 896 superveniunt.
1065 813 1151 879 Hinc
1178 814 1321 900 Bagoas,

87 914 120 962 37
139 902 215 967 hinc
239 902 279 967 ab
303 923 342 966 eo
366 903 536 967 subornati
558 901 652 967 falsis
676 902 865 967 criminibus
893 907 1052 985 occupant
1076 924 1178 968 aures.
1219 905 1320 969 Ante-

140 1013 237 1076 quam
261 991 407 1056 acousari
431 1013 465 1056 se
488 991 716 1076 suspicaretur,
740 990 872 1056 Orsines
896 991 931 1055 in
954 990 1080 1056 vincula
1099 995 1150 1056 est
1168 992 1320 1058 traditus.

139 1078 216 1146 Non
239 1082 409 1144 contentus
433 1080 595 1164 supplicio
619 1079 760 1146 insontis
784 1079 885 1163 spado
909 1079 979 1163 ipse
1002 1080 1161 1146 morituro
1186 1103 1321 1147 manum

139 1167 260 1234 iniecit.
306 1167 408 1244 Quem
437 1167 570 1234 Orsines
593 1169 739 1251 intuens,
767 1166 991 1251 ‘Audieram’
1019 1169 1140 1253 inquit,
1163 1168 1215 1233 ‘in
1237 1169 1320 1235 Asia

140 1257 218 1322 olim
238 1278 392 1343 regnasse
410 1257 562 1340 feminas,
584 1256 647 1322 hoe
665 1278 741 1322 vero
759 1278 880 1322 novum
895 1261 946 1321 est
959 1277 1096 1341 regnare
1111 1257 1319 1323 castratuml'

87 1355 121 1406 38
141 1344 203 1411 Hic
231 1345 294 1410 fuit
322 1345 427 1410 exitus
454 1345 654 1410 nobilissimi
676 1344 850 1410 Persarum
877 1366 937 1409 nec
960 1346 1099 1411 insontis
1122 1346 1234 1430 modo,
1263 1346 1320 1412 sed

87 1446 121 1495 39
140 1434 279 1500 eximiae
303 1455 429 1518 quoque
452 1434 668 1520 benignitatis
690 1434 726 1498 in
748 1455 868 1520 regem.
904 1433 1030 1500 Eodem
1051 1439 1199 1520 tempore
1217 1435 1320 1501 Phra-

140 1523 232 1588 dates
264 1543 401 1607 regnum
434 1521 612 1588 adfectasse
641 1525 809 1607 suspectus
843 1522 1010 1588 occiditur.
1057 1521 1219 1608 Coeperat
1248 1546 1320 1592 esse

90 1629 95 1634 ’
140 1632 294 1696 praeceps
323 1631 388 1676 rea
416 1610 456 1675 ad
482 1611 756 1696 repraesentanda
782 1611 955 1696 supplicia,
983 1611 1062 1676 item
1093 1613 1133 1676 ad
1157 1611 1320 1678 deteriora

88 1711 124 1761 40
143 1699 314 1766 credenda:
343 1699 467 1766 scilieet
494 1722 544 1764 res
573 1700 732 1766 secundae
754 1699 866 1766 valent
888 1705 1087 1766 commutare
1110 1705 1263 1767 naturam
1287 1707 1321 1767 et

140 1811 215 1855 raro
245 1789 418 1873 quisquam
449 1810 527 1875 erga
557 1789 643 1855 bona
671 1811 730 1855 sua
757 1789 839 1854 satis
867 1793 981 1855 cautus
1011 1793 1069 1855 est.
1114 1788 1205 1855 Idem
1232 1791 1320 1855 enim

140 1879 239 1963 paulo
268 1880 342 1942 ante
370 1877 564 1961 Lyncestem
596 1878 816 1944 Alexandrum
843 1875 987 1943 delatum
1010 1901 1030 1943 a
1053 1878 1179 1944 duobus
1207 1879 1321 1945 indici·

87 1978 121 2027 41
140 1969 204 2032 bus
230 1967 384 2032 damnare
411 1987 478 2031 non
500 1967 713 2051 sustinuerat,
742 1966 933 2033 humiliores
958 1988 1085 2052 quoque
1108 1989 1180 2032 reos
1205 1971 1342 2034 contra*

142 2078 235 2122 suam
258 2055 470 2139 voluntatem,
492 2057 570 2140 quia
593 2055 708 2121 ceteris
732 2055 925 2121 videbantur
949 2055 1104 2139 insontes,
1126 2078 1242 2140 passus
1265 2058 1321 2122 ab·

88 2145 239 2228 resolvi,
261 2144 412 2209 hostibus
436 2144 532 2209 victis
556 2165 657 2230 regna
683 2144 895 2210 reddiderat
914 2149 981 2210 aut
1001 2148 1151 2210 auxerat:
1179 2145 1220 2209 ad
1243 2145 1320 2212 ulti·

142 2256 232 2299 mum
260 2233 308 2298 ita
332 2233 372 2298 ab
402 2234 575 2318 semetipso
605 2233 826 2318 degeneravit,
856 2236 894 2297 ut
916 2233 1055 2298 invictus
1079 2233 1242 2318 quondam
1265 2234 1320 2299 ad-

141 2343 253 2387 versus
282 2321 451 2386 libidinem
478 2322 579 2386 animi
602 2322 740 2388 arbitrio
764 2321 864 2387 scorti
887 2322 959 2386 aliis
983 2343 1086 2406 regna
1108 2322 1214 2407 daret,
1243 2323 1319 2388 aliis

143 2410 299 2476 adimeret
322 2411 434 2475 vitam.

636 2497 656 2538 tlt
804 2496 823 2537 ’t

720 2543 739 2585 ’l‘

178 2754 220 2802 34.
245 2749 400 2803 videram.
438 2746 502 2814 Vgl.
522 2750 537 2811 ἓ
557 2751 590 2799 37
610 2746 704 2800 audie-
758 2744 859 2798 Arrian
887 2745 982 2798 warde
1009 2745 1118 2800 Orsines
1143 2762 1242 2815 wegen
1267 2746 1320 2802 Ge-

142 2835 217 2882 4444,ι
236 2824 261 2871 2.
281 2824 314 2872 21
335 2833 515 2885 conceperam.
758 2815 1263 2886 waltth'atigkeitundTempelraubs
1273 2833 1320 2887 ge·

178 2895 221 2943 35.
253 2890 399 2953 babere,
423 2887 704 2956 &fortbesitzenss
758 2885 1321 2959 htngt3vonirgendwelchenlntriguen

142 2958 195 3012 wie
217 2965 303 3023 stare,
324 2961 445 3024 haerere,
469 2960 568 3024 cicere,
594 2958 705 3014 ‘stehen
758 2975 792 3011 aa
811 2957 917 3012 seinem
936 2957 1096 3013 Verderben
1118 2958 1200 3012 weiss
1219 2960 1321 3014 Arrian

142 3031 263 3099 h'angen,
279 3029 540 3084 lebenbleiben’.
558 3058 590 3071 ,.
605 3029 705 3083 etiam
758 3027 860 3083 niohts.
897 3027 1151 3083 Oharakteristiseh
1174 3029 1220 3083 fiir
1244 3029 1320 3086 Ourt.

142 3103 299 3171 aratiam.
341 3100 398 3155 Das
421 3097 633 3169 Geringerevist
655 3100 704 3153 im·
758 3100 808 3168 ist,
827 3098 891 3152 dass
910 3114 941 3152 er
959 3099 1034 3152 disse
1052 3099 1199 3154 Anekdote
1218 3100 1273 3155 mit
1289 3116 1320 3154 so

138 3174 295 3240 pronitatem
322 3173 455 3241 coemerat.
486 3201 518 3211 -—
547 3171 703 3226 domando
758 3184 868 3239 grosser
892 3169 1134 3225 Ausfuhrlichkeit
1156 3170 1318 3225 behandelt.

142 3241 181 3297 ist
198 3259 253 3298 von
270 3242 633 3298 seinemvoranstehenden
648 3240 702 3296 Ob·
793 3245 836 3294 39.
863 3239 1053 3295 Phradates
1076 3259 1096 3294 s.
1121 3246 1146 3296 8.
1171 3247 1195 3296 3.
1223 3248 1265 3296 11.
1288 3273 1318 3280 -

139 3313 203 3382 jekt
218 3313 307 3368 durch
317 3313 525 3384 Einschiebung
540 3314 588 3368 des
602 3312 704 3368 beiden
757 3317 897 3380 suspectas
915 3328 938 3365 c.
956 3311 1006 3365 inf.
1025 3311 1078 3366 wie
1097 3317 1121 3366 9.
1143 3318 1184 3366 10.
1205 3318 1248 3366 21.

144 3383 244 3440 S'atzen
272 3384 478 3454 gemeinsamen
503 3384 634 3453 Snbjekts
656 3399 703 3453 ge·
793 3389 837 3436 40.
855 3382 976 3437 caleat.
1014 3381 1106 3437 Ueber
1125 3383 1178 3438 den
1197 3383 1320 3438 Infinitiv

142 3457 243 3509 trennt.
758 3471 779 3507 s.
803 3452 875 3508 Einl.
907 3458 921 3518 5
945 3458 988 3506 34.
1018 3484 1051 3491 -
1079 3458 1225 3520 natarum,
1255 3453 1320 3509 ‘das

179 3532 222 3579 36.
240 3528 278 3580 ta
295 3528 381 3582 tram
397 3527 449 3581 wie
464 3528 501 3581 ad
515 3542 593 3580 arma
608 3525 704 3580 coaett.
758 3524 881 3578 innerste
904 3523 1018 3579 Wesen’
1044 3524 1097 3579 wie
1117 3530 1141 3578 3.
1161 3531 1186 3578 2.
1208 3531 1241 3579 11
1265 3527 1322 3580 atsi

144 3602 208 3652 1.6.
225 3602 266 3651 15.
301 3597 337 3652 So
357 3602 421 3667 sagt
440 3596 608 3663 Quintilian:
627 3611 654 3649 se
672 3596 704 3650 ta
758 3596 840 3650 etiam
853 3600 984 3648 aataram
1000 3596 1116 3662 fortmm
1129 3601 1320 3665 corrumperet.

142 3669 215 3722 iram
234 3669 379 3724 comitare.
416 3667 481 3738 Vgl.
501 3668 574 3722 auch
587 3673 612 3721 4.
627 3672 643 3719 2
659 3668 704 3721 tra
760 3696 792 3705 -
817 3667 901 3720 boma
927 3682 988 3720 saa
1015 3665 1034 3721 i.
1058 3681 1082 3720 e.
1109 3682 1152 3720 res
1179 3668 1320 3721 secandas.

142 3741 174 3793 ta
186 3740 291 3794 rabiem
305 3744 474 3808 pervenerat.
489 3769 522 3777 -
536 3739 705 3806 aepottam
759 3735 823 3805 Vgl.
843 3743 868 3791 8.
888 3743 913 3790 4.
932 3742 967 3790 24
990 3741 1087 3791 contra
1104 3737 1247 3803 fortunam
1265 3753 1321 3792 stoa

142 3810 241 3877 idem,
257 3812 284 3867 d.
295 3810 313 3865 i.
324 3810 481 3865 concitandi
490 3809 562 3879 repis
573 3810 703 3863 animam.
758 3808 827 3861 satis
860 3812 943 3861 eaata
978 3808 1134 3862 mortalitas
1169 3813 1215 3863 est.
1266 3809 1321 3862 Fur

143 3912 176 3921 -
196 3887 365 3950 occuparet
388 3880 441 3935 wie
463 3886 550 3935 4.11.
574 3886 604 3933 11
629 3895 704 3934 ocea—
759 3883 855 3932 eoatra
882 3878 1024 3933 brauchen
1047 3877 1120 3933 anob
1142 3877 1240 3932 Livius
1264 3878 1320 3934 und

139 3959 242 4022 pareat
255 3969 361 4008 mamas.
395 3952 458 4022 Vgl.
473 3951 546 4006 auch
560 3952 706 4019 §aaran
759 3947 855 4018 Nepos
883 3947 1027 4004 bisweilen
1055 3965 1127 4019 erpa.
1157 3980 1191 3989 -
1215 3951 1321 4018 paalo

144 4024 372 4092 aureataptebat.
758 4024 845 4074 aate.
883 4018 910 4075 S.
930 4019 1003 4074 oben
1022 4026 1046 4074 7.
1068 4026 1091 4074 1.
1111 4025 1141 4087 6;
1160 4026 1185 4077 8.
1205 4027 1231 4076 8.
1251 4027 1276 4076 6.

180 4101 222 4150 38.
246 4093 586 4148 aeriasoatismodo.
625 4092 705 4146 Aaeh
794 4095 838 4145 42.
864 4091 935 4144 ado.
963 4091 1148 4146 libidinem.
1195 4091 1235 4146 Zu
1264 4109 1321 4147 ver-

144 4165 189 4219 die
214 4164 355 4220 Classiker
376 4164 518 4219 branchen
539 4163 637 4232 htufig
657 4177 706 4216 ace
759 4160 889 4230 gleiehen
902 4160 941 4215 ist
955 4167 979 4214 1.
991 4163 1132 4217 4234414.
1146 4179 1180 4217 ea
1193 4164 1321 4218 tactam

146 4240 254 4291 tantam
272 4236 373 4303 (modo)
392 4278 397 4289 .
416 4275 422 4287 .
442 4236 488 4290 sed
506 4236 600 4300 etiam,
624 4248 706 4287 wenn
759 4232 852 4285 Wenn
884 4231 933 4286 der
967 4231 1079 4287 Sohluss
1115 4232 1165 4286 des
1199 4232 1322 4304 Capitels

145 4304 191 4359 die
208 4305 388 4375 Verneinung
407 4306 467 4360 sich
485 4323 538 4359 nur
558 4306 608 4359 anf
624 4303 706 4358 einen
759 4319 815 4357 ron
834 4308 849 4367 ς
868 4308 903 4356 45
922 4318 960 4356 an
978 4302 1140 4358 anathernd
1158 4305 1266 4375 richtig
1283 4321 1322 4359 er·
1354 4337 1356 4341 .

146 4375 288 4432 einzelnen
321 4377 427 4446 Begriff
456 4375 574 4432 beaieht.
625 4374 706 4430 Nach
760 4377 844 4444 gana
862 4373 910 4443 ist,
931 4373 1173 4430 wassehwerlioh
1193 4375 1244 4431 der
1262 4374 1324 4430 Fall
