2790 4792
102 152 106 164 ¹
166 194 225 259 42'
619 193 651 260 Q.
670 194 781 251 OURTI
799 195 884 251 RUFI

167 359 427 445 adquiescebam,
456 379 528 423 oum
552 380 603 422 me
626 359 722 423 malis
744 358 993 423 indormientem
1016 359 1097 423 meis
1120 359 1244 424 inimici
1267 361 1340 423 vin-

114 465 147 513 13
168 448 280 513 ciendo
305 447 532 512 excitaverunt.
578 446 672 512 Unde
696 450 729 511 et
751 446 933 531 parricidae
956 451 990 511 et
1006 447 1168 531 proditori
1189 451 1260 512 tam
1278 449 1340 512 alti

114 553 147 602 14
167 537 256 622 quies
289 536 417 601 somni?
473 533 630 601 Scelerati
661 536 861 602 conscientia
892 536 1099 619 obstrepente
1136 537 1340 602 condormire

164 647 230 690 non
252 629 402 709 possunt:
430 625 559 709 agitant
586 646 641 689 eos
669 624 785 708 iuriae,
812 646 878 689 non
901 628 1124 690 consummato
1148 625 1259 707 modo,
1282 626 1340 690 sed

165 715 263 779 etiam
287 714 432 799 cogitato
455 712 638 796 parricidio.
683 714 729 778 At
751 713 832 777 mihi
856 714 1065 779 securitatem
1087 714 1229 798 primum
1249 716 1341 780 inno

165 804 274 868 centia
296 824 381 883 mea,
405 801 520 867 deinde
542 805 601 866 tua
623 800 755 867 dextera
777 801 957 867 obtulerat:
979 824 1046 867 non
1067 803 1177 887 timui,
1199 825 1241 868 ne
1263 803 1340 887 plus

114 901 145 949 1⁵
165 893 288 957 alienae
312 890 497 956 crudelitati
520 890 605 974 apnd
628 893 661 954 te
679 890 800 974 liceret,
824 911 921 975 quam
940 890 1131 956 clementiae
1149 896 1234 957 tuae.
1276 890 1341 956 Sed

164 1003 205 1046 ne
223 985 256 1045 te
275 979 356 1044 mihi
375 978 548 1045 credidisse
566 979 741 1064 paeniteat,
763 1001 815 1044 res
834 980 876 1044 ad
894 1001 946 1044 me
964 979 1172 1046 deferebatur
1190 1003 1210 1045 a
1227 1003 1341 1065 puero,

165 1070 221 1154 qui
243 1090 309 1134 non
333 1071 459 1151 testem,
481 1089 548 1133 non
564 1068 683 1153 pignus
702 1068 812 1133 indicii
830 1068 980 1134 exhibere
998 1073 1137 1153 poterat,
1156 1071 1340 1152 inpleturus

112 1167 146 1215 16
165 1180 277 1224 omnes
305 1161 409 1240 metu,
439 1157 468 1220 si
496 1157 655 1240 coepisset
682 1156 796 1221 audiri.
846 1157 1014 1222 Amatoris
1042 1161 1075 1222 et
1102 1159 1202 1223 scorti
1230 1159 1340 1243 iurgio

164 1246 327 1331 interponi
355 1267 449 1311 aures
476 1266 565 1310 meas
594 1245 715 1310 credidi
743 1245 858 1311 infelix
884 1248 919 1310 et
941 1246 1037 1310 fidem
1060 1246 1129 1311 eius
1153 1251 1340 1331 suspectam

165 1337 279 1418 habui,
302 1334 387 1419 quod
410 1355 476 1399 non
499 1333 569 1417 ipse
592 1332 740 1418 deferret,
763 1333 820 1399 sed
842 1334 977 1401 fratrem
1000 1336 1111 1418 potius
1135 1337 1339 1403 subornaret.

113 1434 146 1482 17
165 1425 283 1507 Timui,
305 1444 346 1486 ne
368 1426 503 1508 negaret
525 1422 695 1488 mandasse
719 1445 754 1488 se
772 1421 928 1489 Cebalino
951 1427 984 1488 et
1002 1444 1062 1509 ego
1080 1424 1206 1489 viderer
1225 1425 1340 1490 multis

166 1514 344 1579 amicorum
363 1512 450 1596 regis
468 1510 569 1576 fuisse
585 1512 721 1594 periculi
735 1533 840 1577 causa.
878 1510 931 1577 Sic
946 1533 1081 1597 quoque,
1100 1534 1173 1577 oum
1187 1513 1341 1578 laeserim

163 1603 336 1680 neminem,
359 1600 477 1682 inveni,
501 1599 557 1684 qni
579 1600 694 1666 mallet
711 1601 819 1684 perire
837 1622 898 1684 me,
921 1623 1018 1686 quam
1038 1601 1234 1667 incolumem
1253 1624 1339 1667 esse:

30 1708 35 1720 ¹
113 1700 146 1749 18
165 1690 240 1775 quid
268 1689 511 1754 inimicitiarum
536 1688 665 1754 creditis
696 1692 904 1773 excepturum
927 1690 1042 1773 trisse,
1073 1690 1102 1755 si
1123 1690 1271 1756 insontes
1295 1693 1341 1756 la·

164 1779 356 1845 cessissem?
392 1779 439 1843 At
458 1778 543 1843 enim
557 1776 705 1862 Dymnus
724 1799 760 1842 se
777 1778 908 1844 occidit!
949 1777 1037 1844 Num
1055 1779 1157 1863 igitur
1174 1779 1341 1845 facturum

111 1877 144 1927 19
164 1891 238 1934 eum
261 1868 405 1934 divinare
427 1867 544 1950 potui?
589 1865 733 1941 Minime.
778 1863 832 1931 Ita
855 1866 941 1953 quod
968 1868 1076 1934 solum
1098 1868 1217 1933 indicio
1241 1868 1340 1934 fidem

162 1958 255 2040 fecit,
283 1956 403 2040 idme,
432 1976 506 2020 enm
529 1978 549 2020 a
572 1953 728 2021 Cebalino
751 1956 977 2039 interpellatus
1001 1979 1086 2040 sum,
1113 1977 1244 2022 movere
1272 1980 1340 2024 non

110 2054 145 2103 2⁰
163 2048 301 2131 poterat.
344 2045 389 2108 At
406 2044 562 2128 hercules,
582 2044 610 2109 si
629 2044 777 2110 conscius
791 2042 924 2127 Dymno
941 2046 1027 2110 tanti
1045 2045 1175 2110 sceleris
1194 2045 1384 2131 fuissem,39

163 2134 262 2200 biduo
286 2134 345 2199 illo
367 2132 514 2216 proditos
538 2153 608 2197 esse
630 2155 691 2199 nos
713 2133 917 2199 dissimulare
939 2155 1006 2198 non
1029 2133 1138 2199 debui:
1163 2131 1339 2200 Cebalinus

110 2231 144 2280 21
163 2225 233 2307 ipse
255 2223 331 2287 tolli
354 2221 392 2285 de
415 2220 519 2286 medio
543 2221 697 2306 nulloque
715 2222 848 2307 negotio
867 2223 985 2306 potuit.
1024 2221 1171 2308 Denique
1189 2227 1268 2306 post
1286 2224 1340 2290 de-

164 2313 269 2376 latum
296 2310 463 2392 indicium,
490 2311 572 2392 qaod
597 2314 767 2393 operturus
796 2333 898 2394 eram,
926 2311 1109 2376 cubiculum
1136 2312 1224 2397 regis
1248 2314 1338 2378 solus

163 2399 295 2482 intravi,
322 2399 407 2463 ferro
432 2398 560 2482 quidem
584 2399 717 2464 cinctus.
763 2396 828 2465 Cur
850 2399 963 2464 distuli
991 2399 1141 2464 facinus?
1188 2400 1242 2464 An
1267 2403 1338 2466 sine

111 2499 144 2547 22
163 2489 293 2573 Dymno
306 2509 374 2553 non
392 2509 464 2552 sum
483 2487 603 2552 ausus?
640 2486 701 2552 Ille
720 2488 821 2573 igitur
839 2488 991 2574 princeps
1011 2489 1241 2554 coniurationis
1260 2490 1338 2555 fuit!

164 2579 223 2643 sub
252 2577 339 2642 illius
368 2576 482 2640 umbra
509 2575 657 2641 Philotas
686 2577 843 2661 latebam,
876 2578 932 2660 qui
959 2597 1096 2661 regnum
1124 2576 1339 2644 Macedonum

163 2751 241 2788 man:
262 2735 423 2788 sententiam
440 2749 548 2787 servare
566 2759 600 2779 =
621 2733 724 2788 ‘seiner
814 2738 855 2788 15.
883 2735 1045 2803 coepisset
1068 2734 1113 2788 fiir
1134 2741 1243 2804 coeptus
1266 2742 1339 2803 esset,

163 2807 256 2859 ersten
279 2804 425 2874 Meinung‚
453 2804 652 2873 Abstimmung
672 2821 723 2874 ge·
764 2823 797 2863 .s.
817 2804 889 2859 Einl.
909 2810 973 2870 §33
993 2823 1016 2861 o.
1035 2807 1117 2860 Anm,

96 2936 106 2955 1
162 2880 225 2930 tren
255 2874 389 2929 bleiben’.
419 2906 450 2913 —
479 2875 578 2928 malis
609 2877 724 2930 endor·
814 2882 855 2932 16.
874 2877 1057 2944 interponi.
1085 2877 1150 2947 Vgl.
1165 2876 1211 2930 die
1225 2877 1339 2931 ubnche

163 2947 314 3001 nlenten
332 2945 358 2999 d.
376 2943 395 3000 i.
418 2944 588 2999 ‘indernich
607 2945 652 3000 die
671 2946 725 3000 mir
776 2945 882 3001 Phrase
904 2963 932 3001 ce
952 2949 1123 3016 interponere
1145 2950 1177 3001 c'n
1198 2964 1255 3001 rem
1282 2949 1340 3002 und

164 3016 305 3071 drohende
338 3014 454 3083 Gelam,
486 3016 562 3070 mein
593 3016 724 3085 Ungh'ioh
776 3018 818 3072 rei
835 3018 922 3073 alieni
936 3043 970 3064 a
985 3019 1046 3072 sich
1059 3019 1088 3071 in
1103 3021 1190 3073 etwas
1203 3017 1339 3088 mischen‚

162 3086 380 3142 verschlief'.
417 3086 526 3141 Ebenso
541 3086 597 3141 cia.
611 3085 682 3141 Phil.
698 3094 722 3142 2.
778 3087 950 3158 einmengen.
988 3089 1045 3144 Das
1061 3089 1142 3144 Wort
1158 3090 1262 3159 besagt
1280 3091 1339 3145 also

163 3165 197 3214 30
216 3164 310 3213 tantae
327 3174 427 3213 canem
444 3159 656 3213 indormientem.
777 3159 857 3213 mehr
874 3160 916 3214 als
932 3162 1072 3230 praeberi,
1088 3166 1190 3230 patere.

200 3237 240 3285 14.
265 3231 482 3285 condormire.
519 3227 615 3284 Dieses
634 3229 723 3284 scitne
814 3236 855 3285 17.
888 3231 941 3285 sic
972 3247 1124 3302 quoqne,
1158 3232 1270 3286 ‘auch
1302 3248 1340 3286 so

163 3302 246 3357 Wort
266 3301 387 3356 brauoht
408 3299 481 3355 auch
505 3301 579 3356 Suet.
598 3298 669 3371 Aug.
689 3306 722 3355 78
777 3301 909 3356 sobon'.
946 3302 1057 3358 Ebenso
1075 3303 1150 3358 Flor.
1170 3308 1194 3355 2.
1210 3308 1252 3356 20.
1269 3307 1285 3356 5
1300 3304 1342 3356 sic

163 3373 217 3428 den
244 3372 378 3427 Dichtern
406 3372 455 3425 der
482 3371 561 3426 alten
585 3371 722 3426 Kombdie
776 3388 880 3442 qnoque
901 3373 1000 3428 bostem
1022 3375 1138 3442 fortasse
1160 3391 1217 3427 non
1240 3374 1341 3441 defore.

162 3444 248 3509 nach;
268 3443 313 3497 die
325 3442 504 3512 Prbposition
517 3443 569 3496 hat
581 3443 657 3498 wohl
670 3442 722 3497 in·
776 3473 810 3484 -
829 3445 887 3512 qni
904 3445 1031 3514 mallet,
1054 3444 1342 3514 ganaunbestimmt.

162 3513 297 3568 tensive
328 3513 411 3568 Kraft
437 3537 471 3559 =
500 3513 624 3584 vbllig,
655 3514 723 3568 fest
776 3512 903 3568 Philotas
931 3517 1011 3570 weiss
1039 3513 1140 3572 selbst¹⁴¹
1158 3515 1250 3580 nicht,
1283 3532 1344 3569 wer

162 3583 388 3639 entechlalen.
436 3583 510 3638 Odor
542 3584 650 3639 schrieb
678 3584 722 3639 Q:
776 3584 867 3640 dieser
884 3584 971 3641 Feind
990 3603 1119 3658 gewesen
1137 3584 1186 3644 eei.

162 3653 333 3740 obdormire?
358 3685 391 3695 -
415 3661 636 3711 consummato
658 3654 721 3737 (1.1ζ
814 3661 855 3710 18.
883 3656 1035 3727 Dymnus
1057 3675 1089 3712 se
1111 3655 1243 3717 oceidit.
1283 3654 1344 3711 Da-

161 3726 723 3877 lhtb⁸sslttt⁶a⁸atltnlzf
776 3741 840 3852 tt?
861 3726 1149 3868 {interstite
1174 3725 1343 3867 ,silleti

161 3870 199 3924 Es
217 3870 256 3923 ist
273 3869 346 3936 brer,
365 3869 418 3922 wie
437 3868 544 3937 htufig,
567 3869 613 3924 ein
633 3869 723 3934 ‘nnr‚
777 3872 801 3922 ⁷.
822 3873 865 3922 ³4.

162 3941 248 3996 anch
261 3939 339 3994 nur'
355 3957 389 3994 an
403 3945 551 4008 ergtnzem
567 3939 617 3993 der
630 3938 723 3993 Latei-
812 3944 854 3992 20.
879 3943 1043 3995 conscius.
1080 3941 1174 3996 Diesel
1201 3955 1215 3994 e
1233 3939 1343 3996 Constr.

161 4029 211 4066 ner
232 4012 303 4066 lhsst
330 4011 471 4081 derartige
494 4009 723 4065 besohrbnkende
776 4026 833 4065 von
851 4013 973 4065 consano
992 4012 1082 4070 findet
1099 4013 1158 4067 sich
1201 4054 1206 4067 .
1224 4010 1256 4067 B.
1276 4010 1344 4066 Sall.

161 4082 307 4137 Partiheln
332 4082 410 4137 sehr
431 4079 496 4148 oft,
518 4080 565 4136 bei
582 4080 722 4134 Zahlwbr·
777 4080 838 4136 Cat.
857 4086 900 4134 22.
914 4087 939 4136 Ξ.
960 4114 992 4121 -
1011 4084 1172 4153 nulloque
1198 4083 1344 4152 nepotio,

162 4156 224 4207 tarn
237 4153 420 4209 bekanntlich
433 4152 504 4206 fast
521 4151 639 4205 immer
652 4167 721 4221 weg.
778 4152 847 4206 ‘und
860 4169 932 4207 awar
946 4153 1018 4208 ohne
1033 4154 1088 4209 alle
1101 4155 1187 4209 Schw
1196 4151 1344 4222 'erigkeit’.

163 4227 305 4292 —apnd
329 4225 505 4279 reliceret.
543 4221 722 4277 Uebersetae:
777 4225 1157 4292 -opertnrnsnamlicha
1197 4222 1342 4295 geblich.

163 4293 226 4348 dass
254 4295 292 4348 du
317 4295 396 4350 mehr
419 4294 507 4349 hbren
530 4292 653 4346 wdrdeet
675 4292 726 4346 aui
778 4294 805 4348 S.
824 4313 858 4348 zu
876 4299 891 4360 ξ
912 4301 935 4349 6.

77 4338 210 4504 ιι
229 4363 346 4419 Stimme
364 4383 390 4420 u.
411 4382 432 4419 s.
453 4382 486 4417 w.
812 4371 854 4419 22.
874 4367 932 4420 snt
946 4367 1048 4422 illins
1062 4367 1179 4421 nnebra
1215 4361 1342 4418 Dieselbe
