2790 4792
353 204 608 260 HISTORIARUM
625 205 841 260 ALEXANDRI
859 204 893 274 X',
913 210 938 260 t.
1167 205 1231 269 241

57 388 205 451 regnum.
243 366 282 430 In
306 366 417 432 eadem
442 366 537 432 domo
560 367 751 451 familiaque
774 367 904 451 imperii
923 368 1008 432 vires
1027 388 1232 434 remansuras
1254 379 1287 430 15

10 471 13 476 “
59 476 129 521 esse
152 454 350 540 gaudebant:
379 454 610 520 hereditarium
633 455 805 538 imperium
828 457 963 540 stirpem
987 456 1110 538 regiam
1133 456 1235 522 vindi·

59 549 218 627 caturam,
247 543 399 608 adsuetos
427 565 498 608 esse
525 566 643 609 nomen
670 543 779 628 ipsum
807 545 912 608 colere
941 545 1150 630 venerarique
1175 567 1235 611 nec

10 633 254 718 24quemquam
282 630 316 695 id
339 653 466 714 capere,
492 632 557 696 nisi
580 632 740 717 genitum,
768 635 805 697 ut
826 636 985 718 regnaret.
1030 634 1136 718 Igitur
1158 633 1233 700 Per·
1255 646 1288 696 16

57 722 150 787 dicca
176 721 310 786 territus
334 721 497 804 conclave,
524 721 559 785 in
583 742 646 805 quo
669 720 848 785 Alexandri
871 743 986 805 corpus
1010 722 1152 805 iacebat,
1179 723 1234 787 ob-

59 810 161 875 serari
192 810 293 874 iubet.
342 826 389 875 Dc
419 831 492 874 cum
524 809 596 892 ipso
629 812 722 874 erant
753 813 918 893 spectatae
950 811 1094 894 virtutis,
1126 810 1234 876 Ptole·

57 920 170 964 maeus
203 918 330 983 quoque
363 919 397 962 se
429 897 618 962 adiunxerat
655 899 684 963 ei
716 919 953 984 puerorumque
984 899 1076 983 regia
1108 899 1234 965 cohors.

56 985 209 1053 Ceterum
242 986 330 1052 haud
362 985 536 1051 difficulter
569 989 662 1051 atot
695 986 827 1052 milibus
860 991 1060 1054 armatorum
1093 989 1286 1054 claustram

56 1074 222 1159 perfracta
249 1077 333 1140 sunt
378 1074 423 1140 nt
449 1096 505 1139 rex
536 1095 664 1159 quoque
691 1075 858 1158 inruperat
885 1077 1026 1160 stipatus
1055 1076 1234 1143 satellitum

54 1164 167 1247 turba,
204 1184 341 1248 quorum
372 1164 523 1247 prinecps
556 1161 722 1248 Meleager
752 1169 827 1229 erat.
877 1163 1047 1250 Iratusque
1080 1164 1234 1231 Perdicca
1253 1177 1286 1227 18

55 1252 132 1335 bos,
159 1252 214 1336 qui
242 1251 418 1316 Alexandri
442 1274 558 1334 corpus
582 1252 667 1317 tueri
689 1251 824 1336 vellent,
847 1257 991 1318 sevocat:
1021 1253 1085 1336 sed,
1109 1253 1165 1337 qui
1187 1254 1233 1318 in-

57 1344 226 1424 ruperant,
250 1341 375 1405 eminus
398 1341 465 1405 tela
487 1340 522 1404 in
544 1339 651 1424 ipsum
673 1341 843 1406 iaciebant.
885 1340 1065 1426 Multisque
1089 1342 1235 1407 vulnera·

56 1429 103 1492 tis
126 1428 257 1494 tandem
281 1429 425 1494 seniores
449 1428 589 1512 demptis
610 1429 728 1514 galeis,
751 1451 815 1514 quo
833 1429 962 1495 facilius
981 1431 1073 1497 nosci
1091 1435 1235 1514 possent,

54 1518 181 1601 precari
210 1539 280 1600 eos,
307 1518 362 1602 qui
390 1539 464 1583 oum
489 1516 643 1582 Perdicca
667 1521 773 1600 erant,
803 1523 1015 1602 coeperant
1038 1520 1234 1585 absisterent

55 1605 143 1670 bello
166 1607 299 1690 regique
323 1612 356 1671 et
379 1606 528 1688 pluribus
552 1605 710 1671 cederent
747 1605 877 1672 Primus
897 1606 1051 1673 Perdicca
1070 1631 1160 1673 arma
1177 1608 1231 1673 de·
1253 1621 1285 1670 19

56 1694 171 1778 posuit
193 1695 356 1778 ceterique
379 1695 465 1758 idem
488 1695 601 1760 fecere.
636 1692 803 1777 Meleagro
827 1694 940 1759 deinde
964 1697 1133 1779 suadente,
1155 1719 1196 1761 ne
1215 1720 1235 1762 a

53 1803 193 1866 corpore
222 1783 401 1849 Alexandri
424 1782 637 1866 discederent,
667 1782 792 1848 insidiis
816 1783 923 1848 locum
947 1786 1059 1868 quaeri
1087 1785 1165 1868 rati,
1187 1785 1235 1850 di·

55 1893 151 1936 versa
172 1872 282 1956 regiae
304 1877 397 1955 parte
417 1871 459 1936 ad
481 1871 673 1955 Euphraten
695 1871 808 1956 sugam
826 1871 1009 1937 intendunt.
1044 1873 1233 1958 Equitatus,
1254 1887 1288 1936 20

55 1960 113 2043 qui
136 1981 176 2025 ex
199 1960 407 2025 nobilissimis
436 1961 588 2025 iuvenum
612 1960 797 2044 constabat,
823 1959 1011 2026 Perdiccam
1034 1965 1067 2027 et
1089 1960 1234 2027 Leonna-

54 2052 128 2112 tum
149 2047 300 2131 frequens
325 2049 519 2133 sequebatur
541 2049 754 2133 placebatque
778 2048 930 2113 excedere
952 2050 1032 2114 urbe
1052 2053 1084 2115 et
1102 2051 1233 2116 tendere

57 2136 92 2199 in
120 2137 252 2220 campis.
298 2135 361 2201 Sed
384 2136 537 2202 Perdicca
566 2158 608 2201 ne
630 2137 755 2220 pedites
782 2137 912 2222 quidem
935 2141 1102 2204 secuturos
1125 2139 1233 2223 ipsum
1252 2153 1286 2201 21

54 2224 263 2308 desperabat:
294 2225 418 2310 itaque,
445 2247 487 2290 ne
515 2224 702 2291 abducendo
731 2226 857 2310 equites
888 2227 1056 2311 abrupisse
1084 2232 1235 2293 acetero

60 2313 202 2378 exercitu
227 2314 402 2397 videretur,
426 2315 461 2380 in
483 2314 563 2380 urbe
587 2314 745 2379 subsistit.

553 2453 632 2521 Gar.
656 2453 746 2520 VIII.

10 2561 48 2627 35
149 2563 195 2624 At
211 2560 375 2646 Meleager
398 2581 509 2646 regem
532 2581 663 2625 monere
685 2582 753 2625 non
776 2559 915 2644 destitit,
939 2559 990 2625 ius
1013 2560 1142 2644 imperii
1160 2559 1267 2627 Per-1

59 2647 169 2713 diocae
192 2654 297 2715 morte
321 2649 527 2714 sanciendum
551 2670 635 2714 esse:
665 2649 700 2713 ni
724 2651 898 2732 occupetur
925 2647 1075 2732 inpotens
1099 2648 1235 2733 animus,

96 2810 137 2860 15.
156 2807 293 2875 imperii
309 2807 411 2871 efres,
430 2824 451 2861 s.
467 2811 523 2861 do
541 2807 620 2875 raas
672 2821 736 2875 rep.
748 2808 861 2873 parte,
877 2803 927 2859 der
941 2804 1056 2860 AblatIv
1070 2804 1123 2860 wie
1137 2804 1167 2860 in
1180 2804 1236 2862 dan

56 2877 218 2946 imperiique
242 2878 322 2933 vires.
347 2907 380 2917 -
401 2877 541 2945 stirpem
566 2876 620 2931 wie
672 2874 798 2931 Verbind
856 2891 892 2930 en
918 2876 1027 2931 diverso
1053 2877 1113 2943 oia,
1145 2877 1236 2934 οοόοηι

55 2946 620 3018 §10u.12=Abkommling.-
673 2947 831 3002 itinereun
877 2946 965 3017 dergl.
1007 2947 1064 3002 Der
1086 2947 1163 3003 Rath
1186 2947 1235 3003 des

56 3018 322 3075 oiadr'cotarom.
360 3016 441 3074 Sina:
464 3018 568 3073 ‘werde
586 3036 621 3072 au
673 3017 816 3088 Meleager
838 3017 907 3100 ging
930 3016 1029 3085 dabin,
1057 3035 1125 3073 man
1152 3024 1235 3090 mtge

56 3089 228 3160 behaupten,
239 3090 300 3145 sich
309 3089 619 3144 aurichernwissen’.
674 3087 748 3144 doch
763 3087 902 3144 einmdtbr
938 3087 1109 3144 baisammen
1123 3089 1236 3145 bleiben

59 3161 621 3230 -aomeatpsummieaomaaqao
674 3159 733 3214 und
764 3159 810 3214 dle
841 3105 1061 3215 LeioIrenwaehe
1092 3159 1139 3214 bei
1170 3159 1235 3216 dem

56 3236 144 3356 giggla
156 3237 198 3285 10.
209 3237 233 3285 2.
253 3231 432 3287 Gemeintist
445 3231 621 3358 derffbnigs·
675 3229 913 3354 Kb'giggiehgltqq.
933 3257 969 3354 ᾖ
986 3230 1169 3354 ίιίιὶιιιξὲιιῃε
1190 3231 1235 3354 rga·

125 3318 479 3359 .-ooeres.v.a.
526 3318 622 3356 aum
693 3318 712 3356 a
847 3320 1072 3357 ·.·..
1166 3342 1216 3357 ..

55 3388 113 3428 esse
135 3373 184 3442 qai
204 3319 296 3429 eieciat
314 3376 346 3443 (s.
366 3378 390 3428 4.
412 3379 435 3429 1.
457 3373 513 3442 10),
535 3318 621 3442 {drot
674 3317 754 3426 ⁹20.
768 3369 963 3452 Epar'totas.
975 3339 982 3366 ⁹
996 3369 1103 3426 Diodor
1119 3370 1235 3440 sprioht,

58 3443 124 3512 Vgl.
145 3445 271 3513 capiebat
289 3452 312 3499 5.
331 3450 373 3499 36.
675 3440 767 3497 sicher
784 3440 932 3511 rrchtiger,
953 3457 1006 3495 nur
1026 3456 1082 3497 von
1107 3441 1157 3496 der
1177 3459 1235 3498 ma·

96 3513 622 3584 ltepeetataeoa‘rtatiaabhangig
675 3510 862 3567 cedonischen
891 3511 1032 3567 berittnen
1058 3512 1236 3583 Nobelgarde

57 3601 125 3641 vom
146 3587 305 3655 numerale,
328 3587 385 3656 vgl.
409 3593 434 3642 3.
454 3592 470 3641 6
492 3585 540 3640 illc
557 3601 621 3655 per·
675 3578 1238 3653 (fruique[nartalDasssiolreinanderer

56 3656 162 3711 clocas
180 3657 276 3712 marni.
674 3652 756 3709 Theil
774 3653 823 3708 der
836 3655 937 3724 equites
954 3652 1019 3710 dem
1032 3654 1174 3726 Meleager
1188 3671 1235 3710 an·

95 3732 137 3781 18.
157 3727 357 3798 Rataspem
379 3743 430 3797 que
448 3753 483 3773 =
501 3725 620 3782 sofort.
673 3723 852 3796 geschlossen
869 3725 962 3794 batte,
981 3725 1085 3781 erhellt
1100 3741 1150 3780 aus
1169 3731 1194 3781 8.
1211 3731 1235 3782 7.

56 3796 169 3851 Ebenso
197 3801 328 3868 ceterique
350 3804 365 3864 ξ
390 3804 436 3865 193
464 3798 521 3867 vgl.
547 3797 620 3853 auch
710 3801 752 3851 21.
768 3795 959 3866 abrupisse,
971 3797 1056 3852 naml.
1067 3813 1118 3852 eos.
1137 3795 1175 3851 So
1188 3797 1237 3851 ab·

55 3873 84 3923 8.
109 3873 151 3922 11.
176 3874 205 3936 83
234 3874 259 3924 8.
285 3876 326 3926 13.
349 3874 392 3923 27.
416 3900 449 3909 -
474 3874 621 3935 revocat,
673 3867 1236 3936 rapti3.11.8;da⁷oellietabrumpi3.5.8.

57 3939 185 3993 n'amlioh
199 3956 256 4004 von
273 3941 323 3996 der
337 3939 444 4008 Thura,
462 3957 500 3995 an
518 3940 567 3995 der
580 3938 621 3994 sie
673 3937 829 4009 Uebrigens
837 3938 962 4009 geschah
971 3937 1050 4021 alles,
1060 3954 1118 3992 was
1126 3943 1150 3994 6.
1159 3943 1236 3992 1-7.

58 4009 120 4064 sich
144 4010 308 4081 aufgesteIlt
329 4012 441 4077 hatten,
464 4010 538 4066 nach
556 4010 620 4066 dem
674 4014 709 4064 20
728 4009 837 4065 eratblt
854 4009 937 4078 wird,
960 4025 998 4064 an
1021 4025 1130 4064 ernam
1149 4007 1235 4078 Tage.

58 4079 164 4134 Innern
178 4081 228 4136 des
244 4081 349 4138 Scalas.
361 4112 394 4122 -
404 4082 502 4147 bello,
515 4081 621 4135 ubera:

57 4147 620 4223 ‘reinasersgaeaeneparaaeai.
862 4123 938 4234 fef·
960 4121 1035 4178 Vffl·

55 4219 319 4292 eufemiamque
338 4224 454 4279 obera.
473 4228 516 4277 25.
706 4214 735 4276 I.
771 4221 996 4277 sonorantium.
1051 4221 1234 4277 Uebersetaa:

97 4297 140 4347 19.
158 4293 263 4349 locam
281 4296 400 4364 quaeri
417 4293 470 4349 wls
488 4293 532 4348 oft
548 4308 620 4348 aaa·
675 4292 728 4348 ‘sei
751 4311 785 4348 au
807 4291 965 4362 besiegeln,
994 4310 1028 4348 au
1051 4291 1183 4348 sicbem’.

55 4363 140 4429 aaa,
162 4364 229 4420 dore
251 4367 339 4422 locam
366 4366 415 4420 rei.
435 4395 467 4406 -
486 4365 621 4420 dicerer
673 4363 843 4433 inpotens,
867 4363 941 4418 hier:
962 4364 1080 4420 masslos
1097 4364 1128 4419 in
1146 4318 1320 4516 aa·

118 4461 217 4516 Vooxn,
230 4463 256 4514 Q.
271 4463 371 4506 cumina.
385 4464 417 4506 IL
991 4458 1023 4507 16
