2790 4792
173 212 238 278 130
618 213 650 280 Q.
670 213 779 270 cuam
796 214 883 270 RUFI

171 376 283 441 eadem
305 376 411 440 omnis
434 376 619 441 coniuratos
636 380 733 441 noete
751 378 917 460 excubare,
939 399 980 441 ne
998 378 1040 442 ab
1059 376 1245 461 expertibus
1264 399 1340 444 con-

122 476 154 525 11
175 465 242 530 silii
259 465 493 551 inpedirentur:
515 464 599 529 forte
618 470 727 530 autem
746 466 829 530 aliua
849 466 914 531 alia
930 470 1026 531 noete
1044 467 1233 532 excubabat
1272 466 1341 531 Ita-

170 576 233 639 que
254 555 287 618 in
310 554 532 638 permutandis
555 554 733 619 stationum
755 555 882 619 vicibus
905 561 1076 640 ceteroque
1094 559 1252 639 apparatu
1270 577 1341 620 exe

119 654 151 702 12
170 643 313 727 quendae
336 643 384 706 rei
405 661 481 707 xxx
503 646 537 706 et
560 643 623 708 duo
646 643 714 708 dies
733 644 898 727 absumpti
916 648 999 708 sunt
1039 644 1165 708 Aderat
1181 666 1256 726 nox,
1275 667 1343 730 qua
1352 647 1385 710 21

170 733 332 797 coniurati
354 732 512 796 excubare
534 731 702 816 debebant,
724 738 837 797 mutua
859 732 923 797 fide
945 732 1034 816 laeti,
1057 735 1146 798 euius
1168 733 1341 798 documen·

169 824 240 885 tum
257 824 310 885 tot
327 821 395 885 dies
413 820 552 884 fuerant.
587 819 759 885 Neminem
778 827 883 886 metus
901 843 1017 905 spesve
1030 826 1227 886 mutaverat:
1246 826 1343 887 tanta

119 922 152 970 13
170 910 321 975 omnibus
347 910 399 977 161
426 910 460 973 in
482 927 592 993 regem
615 909 666 974 ira
687 911 739 975 vel
760 910 841 975 fides
863 911 950 974 inter
970 910 1061 995 ipsos
1082 910 1154 974 luit
1198 908 1343 975 Stabant

169 998 271 1084 igitur
294 998 335 1063 ad
357 997 445 1062 fores
467 998 557 1062 aedis
580 998 662 1082 eius,
684 999 719 1063 in
742 1021 805 1083 qua
827 1021 883 1064 rex
906 1000 1110 1077 vescebatur,
1133 1003 1169 1063 ut
1190 1001 1341 1065 convivio

117 1099 152 1147 14
170 1108 335 1172 egressum
357 1087 393 1150 in
415 1087 597 1152 cubiculum
619 1087 819 1152 deducerent
865 1085 928 1152 Sed
950 1088 1083 1153 16111116
1103 1089 1206 1170 ipsius
1230 1088 1341 1153 simul·

170 1197 231 1261 que
262 1175 463 1260 epulantium
496 1176 632 1240 comitas
664 1175 814 1261 provexit
845 1198 958 1242 omnes
990 1176 1032 1242 ed
1060 1177 1182 1261 largius
1214 1178 1341 1242 vinum:

169 1265 238 1331 ludi
261 1266 360 1330 etiam
383 1264 566 1330 convivales
588 1267 757 1330 extraxere
778 1269 917 1349 tempas,
938 1287 1025 1330 nunc
1047 1265 1245 1330 laetantibus
1267 1287 1341 1330 con-

169 1354 300 1436 iuratis,
322 1352 407 1437 quod
430 1354 572 1436 sopitum
595 1353 781 1438 adgressuri
803 1358 925 1438 essent,
947 1377 1032 1420 nunc
1054 1354 1218 1436 sollicitis,
1240 1377 1284 1418 ne
1307 1356 1342 1418 in

118 1456 152 1505 11
169 1443 273 1507 lucem
296 1441 480 1507 convivium
502 1442 695 1508 extraheret.
740 1442 867 1527 Quippe
890 1443 972 1508 alios
995 1443 1227 1507 iactationem
1247 1465 1341 1527 opor-

169 1532 262 1595 tebat
282 1531 388 1615 prima
410 1530 481 1595 luce
504 1531 674 1596 succedere
696 1531 842 1616 ipsorum
865 1536 942 1615 post
960 1533 1136 1616 septimum
1154 1531 1238 1597 diem
1257 1533 1340 1596 redi-

169 1624 244 1684 tura
266 1620 348 1685 vice:
369 1641 430 1684 nec
453 1641 583 1702 sperare
605 1624 758 1704 poterant
779 1621 815 1685 in
832 1621 911 1684 illud
929 1625 1060 1704 tempus
1077 1621 1229 1685 omnibus
1247 1620 1341 1685 dura-

120 1723 152 1771 16
170 1712 279 1774 turam
300 1706 406 1774 fidem.
451 1705 603 1774 Ceterum
626 1732 699 1775 cum
721 1709 786 1775 iam
810 1710 866 1773 lux
889 1709 1070 1793 adpeteret,
1097 1715 1130 1774 61
1156 1711 1341 1774 convivium

170 1798 306 1862 solvitur
333 1802 367 1862 et
389 1799 549 1863 coniurati
572 1800 767 1884 exceperunt
788 1818 913 1882 regem,
940 1799 1019 1863 laeti
1042 1799 1244 1863 occasionem
1268 1821 1338 1863 exe

170 1887 288 1971 quendi
315 1887 445 1952 sceleris
476 1887 655 1952 admotam:
688 1908 760 1951 cum
783 1888 900 1951 mulier
922 1887 1095 1968 attonitae,
1121 1892 1159 1950 ut
1182 1888 1341 1951 creditum

169 1981 229 2059 est,
251 1976 370 2040 mentis
393 1977 576 2040 conversari
598 1977 633 2039 in
655 1975 747 2060 regia
769 1975 876 2058 solita,
899 1977 976 2059 quia
997 1976 1151 2040 instinctu
1171 1975 1341 2040 videbatur

168 2063 280 2128 futura
302 2063 493 2148 praedicere,
515 2087 582 2130 non
605 2064 747 2129 occurrit
768 2064 863 2130 modo
882 2064 1024 2147 abeunti,
1046 2064 1217 2128 sedetiam
1237 2068 1340 2129 semet

170 2153 289 2218 obiecit
310 2153 464 2237 vultuque
488 2158 521 2218 et
543 2153 645 2218 oculis
667 2156 793 2217 motum
815 2153 1001 2236 praeferens
1024 2152 1139 2236 animi,
1161 2156 1198 2216 ut
1220 2153 1341 2217 rediret

118 2242 205 2307 11111
227 2242 411 2306 convivium
434 2242 567 2306 monuit
612 2240 658 2305 Et
684 2241 739 2305 ille
761 2263 819 2325 per
841 2242 967 2324 ludum,
989 2242 1071 2307 bene
1096 2241 1173 2306 deos
1196 2242 1339 2326 suadere,

170 2329 339 2412 respondit
365 2331 588 2414 revocatisque
618 2330 730 2394 amicis
757 2330 791 2394 in
818 2329 932 2395 boram
955 2330 1019 2394 diei
1040 2330 1141 2394 ferme
1165 2331 1339 2394 secundam

120 2431 152 2479 18
171 2417 308 2483 convivii
335 2421 464 2501 tempus
493 2420 640 2484 extraxit.
689 2419 760 2483 lam
788 2419 842 2482 alii
871 2440 910 2482 ex
942 2419 1071 2484 cohorte
1102 2420 1137 2482 in
1165 2419 1339 2484 stationem

171 2511 392 2572 successerant
418 2513 492 2572 ente
516 2508 653 2573 cubiculi
675 2507 762 2572 fores
786 2507 980 2591 excubituri,
1007 2507 1111 2572 adhuc
1133 2512 1245 2572 tamen
1268 2530 1339 2573 con·

169 2597 267 2661 iurati
291 2597 422 2662 stabant
443 2598 512 2662 vice
541 2597 641 2661 officii
669 2597 719 2661 sui
743 2597 884 2680 expleta:
912 2597 993 2661 adeo
1016 2597 1166 2679 pertinax
1188 2618 1263 2680 spes
1282 2600 1339 2680 est,

171 2825 280 2890 16166,
312 2824 367 2877 den
395 2824 471 2878 Sohn
502 2825 552 2879 des
579 2824 727 2878 Thraciers
819 2829 859 2878 1⁶.
884 2825 962 2878 6166.
999 2822 1055 2876 Der
1074 2822 1205 2892 Singulae
1224 2824 1263 2878 ist
1280 2823 1339 2878 hier

171 2893 270 2948 Carris.
307 2894 338 2947 ln
357 2896 407 2948 der
420 2896 535 2965 Angabe
554 2896 604 2949 der
617 2896 727 2949 Namen
780 2894 836 2948 und
866 2900 882 2960 ἓ
906 2899 939 2948 18
966 2893 1089 2948 insolern
1117 2894 1338 2964 gerechtlertlgt,

173 2964 275 3018 weieht
292 2965 392 3018 Arrian
410 2965 565 3020 theilweise
584 2966 628 3019 ab.
780 2966 822 3018 als
845 2965 900 3019 alle
924 2971 941 3019 9
963 2967 992 3018 in
1016 2965 1093 3019 einer
1114 2966 1171 3018 und
1195 2966 1339 3020 derselben

207 3040 248 3088 10.
268 3036 308 3089 ab
325 3037 726 3104 expertibueeorceila'i,
779 3035 1207 3093 NachtandieReihekamen.
1237 3037 1338 3090 1161161-

171 3103 475 3162 066611611116611169.
491 3113 515 3163 9.
532 3113 545 3160 1
565 3109 624 3161 eine
642 3109 727 3172 repto-
780 3111 866 3161 aetze:
895 3107 1065 3162 ihrDienst
1085 3109 1339 3162 -duraturam

169 3179 345 3247 6166661116
372 3183 412 3235 10.
432 3186 456 3233 6.
476 3185 511 3234 20
535 3179 568 3232 de
585 3179 727 3232 661111661-
779 3178 824 3231 fdr
837 3181 1075 3246 (6661666666666.
1109 3179 1135 3233 S.
1151 3176 1196 3232 die
1210 3182 1292 3232 Anm.
1307 3196 1338 3231 zu

171 3250 220 3304 166
238 3268 319 3318 quom
337 3251 443 3305 1116661,
782 3254 806 3303 8.
826 3254 851 3304 4.
872 3255 913 3302 14.

208 3328 248 3376 12.
268 3323 393 3376 aderat.
416 3321 490 3376 Wir:
507 3321 727 3375 ‘endlicbbrach
818 3326 859 3375 16.
887 3323 1170 3386 recrementum
1194 3319 1245 3373 ihn
1268 3320 1338 3373 nach

170 3392 228 3446 an'.
262 3391 536 3458 6111616616.-
557 3393 727 3447 debebunt.
782 3391 844 3444 dem
865 3390 1076 3444 Schlalzimmer
1098 3409 1131 3442 zu
1154 3391 1286 3458 geleiten.
1306 3420 1337 3429 -

170 3463 203 3515 In
216 3462 353 3529 gleichem
365 3463 448 3518 Sinne
462 3466 601 3533 oportebat
614 3470 726 3529 1111-
782 3464 955 3516 6116611616.
980 3467 1029 3516 ott.
1040 3460 1101 3513 hier
1109 3462 1147 3512 im
1158 3465 1247 3529 guten
1256 3460 1338 3514 Sinne

170 3536 408 3589 metue=inter
421 3532 726 3604 ipsoeiml'olgendem
781 3558 815 3578 =
840 3532 1021 3601 prophetisch
1045 3528 1271 3601 (ἐνθουσιάζων),
1309 3534 1339 3584 ln

171 3603 313 3658 tibersctze
327 3605 391 3659 frei:
411 3616 465 3662 von
479 3607 555 3662 allen
569 3605 664 3660 Seiten
677 3607 726 3660 be-
782 3604 831 3658 der
845 3603 933 3673 Regel
951 3602 990 3656 ist
1006 3606 1140 3657 6111661166
1153 3603 1206 3656 wie
1223 3599 1337 3675 ἐμβρόν-

170 3675 268 3729 wahrt.
781 3694 862 3742 τητος
884 3674 972 3728 661161
996 3675 1038 3727 als
1061 3680 1184 3742 stupens,
1203 3676 1336 3742 stupidus.

208 3752 249 3800 14.
273 3748 424 3814 comitae,
446 3748 630 3817 Frohsinn,
648 3746 727 3801 Hei·
781 3746 814 3799 In
836 3744 924 3798 Prosa
946 3746 984 3798 ist
1006 3745 1058 3798 das
1081 3745 1164 3798 Wort
1185 3745 1262 3798 wohl
1285 3746 1339 3798 eret

171 3818 314 3886 terkcit,
341 3818 394 3872 wie
420 3819 490 3874 oben
513 3825 537 3873 42
562 3826 604 3876 23.
646 3817 727 3871 Auch
782 3817 835 3869 seit
849 3815 944 3869 Livius
964 3814 1067 3868 fiblich.
1100 3816 1179 3868 Nacb
1195 3815 1338 3870 Aristobul

172 3887 312 3942 Classiker
329 3889 470 3944 brauchen
484 3892 641 3958 prooeltere,
663 3905 727 3958 pre
781 3885 1271 3956 16116116666111611),61168116116
1286 3904 1338 3939 von

171 3959 231 4013 6611
252 3977 283 4013 66
306 3960 437 4026 bildliclr,
460 3961 551 4014 aumal
574 3978 629 4016 von
652 3960 726 4015 exci-
781 3958 898 4025 cecum,
931 3957 1036 4011 Zutritt
1066 3958 1141 4011 bcim
1169 3957 1279 4026 Konige
1307 3975 1338 4010 zu

170 4029 298 4084 tirenden
322 4031 462 4085 Affekten.
488 4061 524 4070 -
551 4033 624 4084 1611
651 4048 725 4085 666-
779 4029 858 4100 jeder
870 4027 930 4083 Zeit
944 4029 992 4082 des
1001 4029 1093 4098 Tages
1107 4029 1164 4082 und
1178 4029 1336 4082 derNaeht.

171 4101 298 4155 6166166
315 4102 368 4154 1616
387 4108 411 4156 4,
428 4107 519 4154 111-
539 4107 728 4166 6661666666,
788 4131 814 4139 -
834 4102 1015 4165 instincta,
1038 4101 1123 4152 ntml.
1143 4101 1252 4165 diuino,
1275 4100 1300 4153 d.
1319 4100 1336 4151 i.

170 4174 245 4240 poet.
263 4190 289 4225 u.
313 4172 466 4227 nachclass.
490 4171 535 4224 1111
556 4173 674 4238 effecere,
697 4176 729 4225 61
781 4169 811 4223 in
829 4171 916 4240 Folge
934 4171 1085 4239 gottlicher
1104 4171 1279 4240 Eingebung.

172 4244 357 4296 extraheretur
374 4248 478 4312 tempus
496 4243 615 4297 66661611
633 4244 727 4313 (517).
819 4246 858 4294 18.
874 4243 943 4295 6166
957 4257 1012 4296 66.
1027 4243 1166 4309 captate.
1194 4241 1275 4295 Sina:
1290 4241 1336 4294 ob·

171 4311 308 4365 Aehnlich
323 4319 347 4367 8.
364 4320 404 4367 14.
420 4319 454 4368 28
473 4329 572 4382 auceps
585 4314 728 4383 prepucia
781 4311 874 4380 gleich
911 4313 951 4365 sie
985 4312 1066 4366 ihren
1097 4312 1337 4381 pllichtm‘asaigen

172 4383 286 4436 multum
304 4385 360 4438 61161
378 4390 513 4439 certamen
532 4386 660 4440 extraxit.
781 4382 1337 4454 (611611661111161161116161166136166161
