2790 4792
424 1045 473 1146 Q.
496 1045 686 1130 OURTI
708 1047 861 1131 RUFI

514 1217 768 1274 HISTORIARUM

276 1399 720 1499 ALEXANDRI
759 1398 1006 1497 MAGNI

496 1591 784 1660 nicanorus

535 1766 644 1821 LIBER
662 1764 749 1821 VIIII.

582 1927 660 1995 011².
682 1928 708 1994 Ι.

30 2079 46 2139 l
148 2073 340 2158 Alexander,
357 2076 426 2138 tam
444 2072 647 2137 memorabili
665 2071 802 2137 victoria
819 2071 936 2157 laetus,
955 2093 1018 2156 qua
1036 2072 1101 2137 sibi
1117 2071 1228 2139 Orien·
1248 2097 1263 2143 1

58 2164 101 2227 tis
120 2162 195 2227 finis
214 2165 343 2246 apertos
362 2183 433 2227 esse
452 2161 617 2245 censebat,
641 2159 709 2227 Soli
727 2160 869 2242 victimis
888 2161 990 2226 caesis
1011 2161 1133 2227 milites
1153 2184 1229 2247 quo-

59 2273 133 2336 que,
156 2272 219 2335 quo
242 2251 495 2335 promptioribus
519 2249 635 2315 animis
658 2248 783 2333 reliqua
805 2249 884 2314 belli
907 2249 1049 2334 obirent,
1074 2272 1134 2334 pro
1157 2273 1229 2317 con·

58 2341 147 2405 tione
169 2340 317 2405 laudatos
340 2339 462 2424 docuit,
485 2337 641 2424 quidquid
657 2337 747 2402 Indis
765 2337 884 2404 virium
905 2338 1036 2421 fuisset,
1059 2339 1117 2404 illa
1139 2340 1230 2405 dimi-

59 2430 187 2495 catione
204 2431 418 2512 prostratum:
442 2431 548 2493 cetera
567 2427 711 2512 opimam
727 2425 881 2510 praedam
899 2427 969 2493 fore
988 2428 1229 2514 celebratasque
1248 2451 1264 2498 α

59 2540 137 2602 opes
156 2519 192 2581 in
210 2540 248 2582 ea
268 2519 400 2603 regione
419 2517 572 2599 eminere,
596 2537 693 2600 quem
716 2517 872 2598 peterent
908 2515 1049 2580 Proinde
1067 2515 1135 2580 iam
1152 2519 1230 2582 vilia

59 2611 92 2671 et
119 2607 268 2672 obsoleta
296 2628 367 2671 esse
395 2605 499 2689 spolia
529 2604 568 2668 de
595 2602 717 2669 Persis:
750 2603 887 2687 gemmis
920 2605 1169 2690 margaritisque
1198 2610 1230 2670 et

59 2717 138 2760 auro
163 2699 259 2780 atque
283 2696 378 2760 ebore
400 2693 624 2759 Macedoniam
646 2691 892 2778 Graeciamque,
914 2714 980 2758 non
1004 2715 1078 2759 sues
1101 2696 1230 2759 tantum
1317 2724 1320 2736 ·

59 2784 173 2850 domos
205 2785 364 2869 repletum
390 2783 447 2848 ire.
497 2781 594 2847 Avidi
625 2781 748 2846 milites
781 2783 815 2846 et
844 2782 1001 2866 pecuniae
1033 2785 1067 2847 et
1097 2783 1265 2869 gloriae‚3
1380 2783 1382 2790 ’

60 2874 156 2937 simul
180 2874 256 2957 quia
274 2895 448 2956 numquam
467 2893 522 2938 eos
542 2869 726 2936 adfirmatio
745 2869 814 2935 eius
836 2869 1012 2954 fefellerat,
1034 2872 1230 2956 pollicentur

59 2982 199 3044 operam.
239 2960 454 3045 Dimissisque
477 2982 549 3026 eum
572 2959 658 3024 bona
681 2980 738 3043 spe
760 2959 892 3044 navigia
911 2959 1113 3026 exaedificari
1131 2961 1230 3046 iubet,

59 3053 108 3131 ut,
136 3071 208 3113 cum
235 3052 339 3115 totam
368 3051 482 3115 Asiam
509 3047 777 3134 percucurrisset,
809 3048 907 3112 finem
936 3052 1110 3135 terrarum,
1140 3072 1229 3114 mare

285 3276 350 3330 cu·
369 3277 382 3330 Ι
670 3237 766 3294 Durcb
784 3243 810 3293 et
827 3238 939 3294 werden
959 3239 1020 3293 hier
1038 3240 1106 3294 zuei
1123 3255 1230 3294 zuasm.

385 3319 391 3331 ⁸
670 3309 995 3378 mentangende.Pcare
1017 3327 1074 3365 von
1096 3310 1230 3366 Substan.

96 3390 119 3439 1.
134 3382 157 3437 S
161 3384 208 3438 oli
212 3403 222 3448 ;
241 3382 295 3436 den
309 3382 404 3437 Grund
421 3381 501 3452 giebt
512 3381 618 3436 Diodor
671 3378 749 3434 tiven
765 3379 934 3437 verbunden.
966 3381 1106 3438 Aebnllch
1120 3388 1145 3439 3.
1160 3387 1185 3437 5.
1200 3389 1230 3448 93

59 3472 107 3509 ant
127 3450 165 3516 ὡς
183 3451 321 3509 δεδωκότι
338 3452 374 3507 τὰ
392 3449 462 3523 πρὸς
474 3447 617 3520 ἀνατολὴν
671 3456 696 3505 4.
717 3454 759 3503 12.
780 3453 1230 3521 12.-reprerumrre,nam1

58 3525 130 3596 μέρη
151 3525 412 3594 καταστρέψασθαι.
431 3554 466 3565 -
483 3525 618 3594 reliqua
671 3537 722 3576 eos.
755 3519 819 3590 Vgl.
837 3527 967 3592 ereptum,
985 3530 1173 3595 wpupuotum
1190 3526 1232 3580 ire

59 3599 154 3664 belli,
177 3597 231 3652 wie
254 3603 278 3652 1.
302 3601 327 3651 5.
351 3601 394 3650 21.
435 3595 471 3650 So
497 3594 620 3650 bracchi
669 3591 717 3646 bei
734 3591 838 3650 Livius.

57 3669 167 3722 Livius:
194 3668 288 3723 subito
314 3667 391 3733 belli,
418 3667 508 3722 mdia
531 3667 618 3732 urbis,
707 3669 732 3719 3.
759 3663 860 3719 simul
887 3666 976 3734 quia.
1022 3665 1161 3723 Aebnlioh
1187 3665 1230 3720 in-

57 3745 178 3793 extrcma
195 3740 314 3808 aaaron
332 3756 359 3793 u.
379 3737 466 3806 dergl
670 3733 988 3792 concinn7.2.21dwm
1006 3738 1125 3793 tacimus
1137 3738 1229 3794 amul·

94 3817 118 3865 2.
138 3812 278 3882 opimum
300 3810 469 3880 praedam.
505 3808 617 3865 Ebenso
670 3821 721 3875 que
747 3806 862 3873 aridum
889 3813 914 3862 4.
944 3813 986 3864 12.
1016 3815 1050 3864 18
1077 3811 1133 3864 sioc
1158 3813 1231 3863 metu

57 3883 131 3936 oben
145 3887 169 3935 b.
185 3888 208 3938 1.
223 3881 618 3936 4.—emiucre==obande
670 3877 985 3948 strepsicerotes.
1021 3879 1078 3934 Das
1099 3878 1229 3948 folgende

57 3955 162 4018 adase,
189 3956 337 4022 srrppetcre.
378 3951 442 4022 Vgl.
471 3956 497 4005 8.
521 3957 546 4005 1.
569 3956 617 4018 5⁰3
670 3949 739 4019 quio
760 3948 817 4019 gob
840 3949 915 4006 wohl
936 3949 1038 4005 inlesa
1061 3967 1124 4004 zum
1145 3949 1230 4020 Wag-

58 4029 208 4079 81213.
233 4054 267 4063 -
290 4023 402 4092 spolio
425 4023 464 4078 dc
487 4022 618 4089 Persia·
670 4018 784 4075 bleiben
811 4019 860 4076 des
888 4021 1087 4091 oopulirenden
1164 4052 1229 4075 .-

56 4095 110 4149 wie
134 4101 157 4148 8.
185 4101 209 4149 8.
236 4100 265 4161 93
293 4100 317 4148 8.
343 4099 384 4150 10.
409 4099 442 4148 12
468 4092 559 4163 spolio
585 4093 618 4147 dr
670 4091 898 4160 dimissisque,
920 4091 1005 4146 naml.
1024 4093 1076 4160 iis;
1096 4107 1113 4146 a
1132 4092 1151 4146 l.
1170 4091 1229 4149 abs.

56 4167 187 4221 hostibus.
223 4165 276 4220 Die
295 4164 436 4220 Classilrer
453 4167 548 4220 setaen
568 4162 617 4218 da·
670 4159 781 4217 Ebemo
807 4162 846 4215 iet
872 4161 923 4216 das
947 4161 1068 4233 Snbjelrt
1093 4179 1143 4218 aus
1167 4163 1230 4218 dem

56 4238 102 4290 fr'ir
120 4237 175 4291 den
193 4237 295 4306 genet,
313 4236 368 4292 den
385 4235 457 4291 auch
472 4234 500 4291 O.
519 4233 617 4290 ander·
670 4231 927 4302 Vorhergehenden
945 4251 980 4286 zu
998 4235 1166 4290 entnehmen
1183 4232 1232 4290 bei

57 4307 293 4363 warennae-et
306 4321 389 4362 auro
403 4311 501 4377 atque
514 4307 616 4362 ebore.
670 4318 719 4358 sec
736 4303 850 4374 repertis
867 4304 960 4360 auten
974 4309 1006 4361 8.
1021 4311 1053 4360 1.
