2790 4800
393 225 648 280 marcullum
666 226 881 281 ALEXAXDRI
900 228 949 295 ΙΙΙ,
971 236 1011 283 11,
1248 229 1292 293 93

110 410 184 454 cum
206 386 433 453 Alexandrum
456 389 579 453 instare
603 391 632 453 ei
655 394 812 472 cerneret,
836 390 972 474 equites,
1000 391 1116 474 quibus
1138 398 1295 477 praeerat,

107 478 182 542 anta
215 477 328 561 ipsum
360 498 489 541 currum
520 479 607 563 regis
636 479 762 543 abiecit.
807 478 917 541 Armis
944 484 975 541 et
1003 480 1119 543 robore
1148 483 1292 564 corporis

104 566 244 631 multum
268 587 368 649 super
390 569 515 630 ceteros
538 567 694 650 eminens,
717 567 826 631 animo
850 589 925 632 vero
944 571 976 630 et
995 568 1116 651 pietate
1130 569 1164 632 in
1178 571 1291 652 paucis

107 654 265 740 insignis,
295 654 354 719 illo
383 654 496 738 utique
524 656 648 740 proelio
678 656 798 739 clarus,
829 656 909 719 ahos
937 655 1105 739 inprovide
1131 658 1293 723 instantes

104 743 301 827 prostrauit,
333 742 417 807 alios
443 744 479 807 in
506 744 620 829 fugam
649 745 774 808 avertit,
819 742 864 807 At
887 743 1094 828 Macedones,
1125 747 1181 826 qui
1208 747 1327 815 circae

105 852 217 917 regem
240 835 349 916 erant,
372 834 486 896 mutua
509 832 735 898 adhortatione
757 832 878 896 firmati
900 854 973 896 cum
996 833 1068 916 ipso
1090 834 1125 896 in
1148 835 1292 918 equitum

106 940 226 1005 agmen
248 921 451 1004 inrumpunt.
488 920 573 985 Turn
596 943 672 985 vero
692 921 806 985 similis
822 922 936 984 ruinae
950 924 1075 1007 strages
1090 926 1167 986 erat.
1199 920 1292 987 Circa

105 1030 236 1073 currum
271 1007 371 1073 Darei
402 1009 554 1073 iacebant
584 1009 778 1074 nobilissimi
810 1009 919 1092 duces,
956 1016 1032 1073 ante
1064 1012 1174 1075 oeulos
1205 1013 1291 1097 regis

105 1098 240 1183 egregia
263 1101 369 1163 morte
392 1097 550 1182 defuncti,
583 1120 693 1163 omnes
716 1099 750 1161 in
774 1120 831 1162 ora
853 1098 963 1183 proni,
995 1099 1079 1163 sicut
1102 1100 1291 1165 dimicantes

103 1186 361 1270 procubuerant,
396 1186 530 1251 adverso
559 1208 692 1270 corpore
715 1186 901 1251 vulneribus
925 1188 1073 1270 acceptis.
1118 1187 1209 1253 Inter
1231 1189 1291 1254 hos
1311 1209 1345 1258 10

103 1273 239 1359 Atizyes
263 1278 297 1339 et
309 1273 540 1339 Rheomithres
558 1280 591 1340 et
606 1274 754 1357 Sabaces,
776 1279 907 1358 praetor
921 1275 1075 1360 Aegypti,
1097 1299 1290 1363 magnorum

103 1362 306 1428 exercituum
333 1363 503 1448 praefecti,
531 1364 792 1428 noscitahantur:
825 1365 911 1428 cirea
934 1386 988 1429 eos
1012 1366 1175 1430 cumulata
1198 1372 1291 1432 erant

103 1452 253 1536 peditum
275 1452 484 1537 equitumque
507 1453 675 1518 obscurior
697 1453 802 1517 turba.
835 1451 1049 1518 Macedonum
1073 1476 1199 1538 quoque
1222 1478 1290 1520 non

105 1540 241 1625 quidem
263 1541 373 1625 multi,
400 1541 456 1605 red
478 1542 713 1626 promptissimi
735 1545 847 1604 tamen
870 1542 954 1605 eaesi
978 1546 1068 1605 sunt:
1101 1543 1187 1607 inter
1209 1565 1290 1627 quos

103 1628 288 1694 Alexandri
310 1629 457 1693 dexhum
479 1630 585 1694 femur
602 1630 716 1694 leviter
730 1650 883 1693 mucrone
897 1630 1103 1713 perstrictum
1118 1636 1176 1696 est.
1207 1631 1290 1696 Iam-
1312 1654 1341 1700 11

105 1740 168 1802 que
193 1718 251 1803 qui
272 1716 416 1783 Dareum
438 1718 601 1783 vehebant
623 1719 710 1803 equi,
734 1717 877 1782 confossi
899 1718 1004 1782 hastis
1028 1721 1061 1781 et
1083 1718 1193 1784 dolore
1217 1722 1289 1784 effe·

103 1807 168 1871 rati
200 1807 317 1892 iugum
343 1810 475 1892 quatere
502 1810 536 1871 et
562 1826 672 1891 regem
700 1828 794 1871 curru
823 1809 969 1869 excutere
998 1811 1183 1890 coeperant:
1216 1829 1288 1872 cum

103 1894 158 1959 ille
182 1895 320 1979 veritus,
342 1916 383 1959 ne
406 1896 498 1960 vivus
521 1896 646 1960 veniret
668 1896 702 1959 in
725 1895 868 1959 hostium
890 1898 1097 1978 potestatem,
1126 1896 1234 1960 desilit
1256 1899 1291 1960 et

101 1984 138 2047 in
162 2004 297 2069 equum,
325 1984 381 2069 qui
404 1984 445 2048 ad
467 1984 530 2049 hoc
552 1985 660 2067 ipsum
684 1984 891 2068 sequebatur,
914 1983 1083 2066 inponitur
1106 1984 1289 2069 insignibus

102 2092 234 2156 quoque
255 2073 397 2156 imperii,
429 2094 470 2136 ne
493 2073 603 2157 bugam
627 2073 814 2157 proderent,
844 2072 992 2137 indecore
1016 2073 1159 2137 abiectis.
1204 2072 1288 2138 Tum
1309 2092 1342 2141 12

102 2181 182 2225 uero
207 2161 307 2224 ceteri
329 2161 528 2244 dissipantur
550 2165 638 2225 metu
661 2164 707 2243 et,
735 2182 799 2244 qua
821 2161 934 2245 cuique
958 2160 999 2224 ad
1021 2160 1133 2246 fugam
1156 2164 1290 2245 patebat

101 2250 169 2332 ria,
201 2252 375 2333 erumpunt
406 2272 497 2313 arma
525 2250 694 2333 iacientes,
732 2271 813 2333 quae
846 2251 943 2333 paulo
974 2252 1049 2313 ante
1082 2250 1122 2313 ad
1150 2252 1288 2315 tutelam

102 2359 279 2421 corporum
302 2342 520 2421 sumpserant:
544 2338 624 2403 adea
646 2359 749 2422 pavor
771 2338 870 2401 etiam
893 2337 1013 2402 auxilia
1035 2337 1197 2402 formidat.
1233 2338 1286 2403 In·
1308 2358 1341 2407 13

102 2426 217 2490 stabat
246 2425 447 2511 fugientibus
479 2448 577 2511 eques
609 2449 629 2490 a
656 2427 869 2491 Parmenione
900 2426 1049 2511 emissus,
1082 2430 1115 2489 et
1142 2427 1226 2491 forte
1254 2428 1290 2491 in

102 2514 186 2578 illud
210 2535 309 2578 cornu
333 2536 445 2579 omnes
468 2516 547 2600 fuga
570 2516 757 2579 abstulerat.
793 2513 841 2578 At
862 2515 898 2577 in
922 2514 1034 2578 dextro
1053 2514 1170 2578 Persae
1190 2515 1290 2579 Thes·

103 2603 192 2667 salos
221 2603 344 2686 equites
372 2604 579 2668 vehementer
605 2604 774 2688 urgebant.
820 2602 953 2686 Iamque
981 2623 1046 2665 una
1070 2603 1122 2665 ala
1144 2603 1216 2686 ipso
1240 2604 1288 2666 in·
1309 2623 1343 2670 14

102 2694 183 2775 peta
211 2692 398 2774 proculcata
425 2696 508 2756 erat:
546 2713 620 2755 cum
642 2691 790 2755 Thessali
819 2693 947 2753 strenue
971 2690 1174 2754 circumactis
1198 2691 1288 2774 equis

103 2779 225 2863 dilapsi
251 2801 363 2844 rursus
390 2781 425 2844 in
453 2780 612 2864 proelium
635 2780 771 2844 redeunt
794 2799 987 2863 sparsosque
1011 2781 1044 2842 et
1065 2778 1287 2862 inconpositos

104 2867 262 2932 victoriae
284 2867 400 2932 fiducia
421 2869 577 2933 barbaros
600 2868 727 2954 ingenti
750 2868 845 2932 caede
868 2870 1088 2951 prosternunt.
1123 2866 1209 2952 Equi
1232 2891 1287 2952 pa·
1309 2886 1341 2935 15

103 2956 185 3020 riter
214 2956 400 3041 equitesque
427 2957 612 3041 Persarum,
644 2957 725 3021 serie
755 2958 938 3021 lamnarum
968 2976 1096 3041 graves,
1125 2956 1158 3019 id
1186 2977 1289 3041 genus

103 3119 131 3169 8.
147 3120 178 3179 ⁷3
198 3118 223 3167 6.
238 3119 263 3166 8.
279 3119 303 3166 2.
341 3111 492 3167 Classisch:
511 3114 583 3167 inter·
596 3129 671 3181 pau·
763 3119 805 3169 13.
828 3115 993 3168 iacientes
1010 3138 1044 3158 ι-
1059 3113 1215 3178 abicientes,
1235 3112 1288 3167 wie

103 3198 165 3251 cos,
186 3201 209 3237 s.
228 3187 253 3237 5.
273 3188 298 3238 ὅ.
317 3189 342 3239 5.
725 3189 751 3237 4.
771 3191 795 3238 3,
815 3190 863 3252 26,
890 3191 932 3238 13.
952 3191 980 3251 33
1014 3183 1044 3236 in
1061 3182 1201 3306 qleichern
1220 3181 1290 3264 Sinn

143 3278 169 3326 9.
189 3272 282 3326 circa
300 3288 412 3342 reygm·
439 3270 520 3326 Sinng
539 3272 607 3326 aber
625 3271 672 3326 die
725 3254 802 3308 Sbeht
822 3261 893 3311 Ῑ3.9
912 3272 939 3307 U.
958 3253 1044 3307 lifteffl
1083 3268 1109 3306 Ol
1118 3252 1214 3305 IerluS
1232 3269 1289 3307 lac·

102 3341 262 3412 denKanig
270 3341 610 3413 meshsfflmgebendffl
618 3343 671 3396 193.
725 3331 792 3407 tore.
812 3326 900 3407 jin
917 3324 1007 3411 illud
1024 3338 1135 3377 cornu.
1159 3321 1291 3379 Gemeint

102 3430 156 3468 sen
170 3411 230 3466 siah
243 3412 345 3467 nieht
358 3412 471 3467 werfffl
487 3443 520 3452 -
539 3415 671 3481 ruinae,
725 3397 764 3449 ist
777 3394 1071 3463 derhnheFldgel.—
1091 3394 1289 3451 abstulerat.

105 3483 281 3553 Messores,
309 3483 363 3554 erg.
381 3483 548 3538 Hiastarzon
571 3500 673 3553 ganza
725 3465 855 3548 Disselbe
872 3464 976 3519 Parae
995 3465 1083 3518 unsel
1101 3469 1125 3530 s,
1145 3471 1192 3531 aa
1221 3466 1288 3521 aan-

105 3555 226 3609 Massen‚
236 3582 270 3594 .-
284 3555 446 3622 defuncti,
462 3554 491 3609 c⁸
502 3556 567 3624 gage
579 3560 671 3622 mom,
724 3536 782 3590 hch
802 3543 825 3590 7.
846 3542 871 3589 2.
890 3542 908 3589 4
929 3551 1007 3604 quem
1025 3540 1113 3590 terror
1131 3536 1288 3592 adcelerat.

105 3627 166 3679 cita
189 3625 306 3694 defamyi
336 3643 363 3679 u.
390 3626 507 3694 decepi·
532 3625 618 3680 augin
637 3651 671 3672 =
762 3608 1026 3689 lulamacram.
1064 3607 1171 3661 lamnae
1197 3608 1289 3674 aomi-

105 3696 192 3761 mom
227 3694 283 3750 alle
315 3694 375 3750 dmi
432 3696 672 3751 ebramhgweigen
725 3677 1288 3761 noe),s1nd:Panzerplatten,Schupen.

104 3766 266 3835 sindpoet,
285 3766 483 3821 machelm,
725 3779 760 3788 -
783 3751 818 3802 cd
848 3764 953 3831 penca
980 3765 1117 3831 poppae
1140 3763 1288 3835 ==¹1ese

725 3818 929 3888 Evolutron,
965 3819 1077 3873 d1eses
1108 3818 1288 3883 Mancrer3

103 3869 196 3988 neiriit
205 3862 291 3987 affin
311 3862 671 4004 ἰὲοῐῦὗθέξέξθέοὲᾞῖὓ
725 3895 831 3972 apparat
840 3889 893 3944 wie
901 3896 926 3947 8.
935 3896 959 3944 8
970 3895 1011 3946 15.
1028 3890 1160 3954 Moliri,
1175 3887 1288 3957 eigentl.

104 4005 176 4059 o
198 4020 219 4058 s·
239 4003 313 4058 aa·
338 4009 361 4069 a
381 4009 413 4059 ω
428 4004 461 4071 s
493 4004 564 4088 aar.
726 3959 1289 4100 {scaturescentes

104 4091 189 4145 4²⁴⁰⁸
207 4074 336 4130 ebendffl·
356 4080 379 4140 5·
399 4081 433 4130 ²⁰
451 4077 534 4129 ”nter
551 4080 631 4131 mm·
726 4101 814 4186 Werh
833 4103 934 4170 actaea,
953 4099 1127 4156 effectuiren:
1149 4116 1178 4153 so
1196 4100 1289 4183 meliri

104 4171 672 4326 alf!ttttttibgtlttfflt]
726 4177 798 4326 ‘sslf
816 4170 1289 4328 ts¹tf¹tt⁶5b3tctt⁶tt

109 4345 142 4353 —
171 4314 285 4383 sapam
312 4338 347 4359 =
372 4329 400 4368 ae
425 4315 581 4383 sapientae.
619 4313 673 4366 Zur
726 4313 870 4400 chhtern.
900 4343 932 4352 —
964 4312 1071 4366 tacite
1097 4336 1131 4357 ==
1154 4313 1288 4381 αβλαβεῑς

102 4383 199 4439 Sache
218 4402 239 4438 s.
261 4390 302 4438 12.
316 4389 346 4439 5:
365 4400 400 4438 m
414 4385 491 4439 caza
500 4385 672 4453 proderetur.
727 4385 822 4451 αυτοί,
841 4382 1127 4453 unangefochten.
