2790 4792
157 209 200 274 60
609 208 640 274 o.
661 205 876 262 5551111511

156 372 317 456 trepidare
345 371 465 454 eoepit,
493 370 635 454 saepius,
662 389 743 453 quae
770 389 885 432 nocere
913 372 1060 452 possent,
1088 390 1185 452 quam
1208 371 1325 454 quibus

105 483 138 532 13
156 482 193 525 ea
215 460 366 544 eluderet,
387 464 551 544 reputans.
595 458 666 523 Iam
689 457 856 542 armigeri,
884 457 1001 541 quibus
1027 457 1223 541 imperatum
1248 464 1326 544 erat,

156 549 374 634 produxerant
400 570 468 632 eos,
501 570 574 613 eum
608 567 786 630 exanguem
812 548 901 610 metu
928 545 1166 630 Polydamanta
1192 549 1326 632 propius

105 653 138 700 14
157 638 306 703 accedere
337 657 393 702 rem
424 638 515 701 iubet
550 636 789 718 summotisque·
817 635 982 714 omnibus,
1015 633 1174 718 ‘Scelere’,
1211 636 1327 723 inquit,

123 758 125 761 ·
156 726 392 791 ‘Parmenionis
419 747 531 790 omnes
558 724 681 808 pariter
708 723 844 807 adpetiti
872 745 996 806 sumus,
1027 724 1166 788 maxime
1200 746 1261 810 ego
1290 749 1327 791 ac

155 819 204 899 tu,
236 836 318 898 quos
350 814 512 879 amicitiae
544 813 650 897 specio
681 811 809 876 fefellit.
858 811 911 876 Ad
942 832 1038 896 quem
1068 814 1327 898 persequendum

155 904 472 989 puniendumque-
486 902 569 986 ride,
583 904 740 985 quantum
754 900 829 965 fidei
842 904 917 965 tuae
932 901 1059 966 credam
1073 936 1111 948 -
1127 905 1160 966 te
1174 903 1326 969 ministro

104 1006 136 1056 15
155 992 204 1056 uti
228 993 336 1057 statui.
381 989 528 1075 Obsides,
550 991 627 1055 dum
649 990 712 1054 hoc
734 989 875 1074 peragis,
898 994 991 1054 erunt
1012 989 1131 1054 fratres
1149 992 1207 1055 tui.
1248 992 1326 1058 Pro·

155 1081 297 1146 ficisccro
328 1080 364 1145 in
389 1079 531 1144 Mediam
563 1083 597 1144 et
628 1078 669 1143 ad
699 1078 881 1162 praefectos
912 1100 1002 1143 meos
1028 1079 1156 1144 litteras
1187 1081 1326 1165 scriptas

155 1190 253 1234 mann
275 1190 349 1235 mea
370 1168 488 1253 perfer.
532 1167 716 1234 Velocitate
739 1187 820 1251 opus
839 1171 898 1249 est,
921 1188 986 1251 qua
1004 1168 1204 1232 celeritatem
1219 1170 1328 1250 famae

156 1257 334 1324 antecedas.
383 1257 492 1323 Noetu
519 1256 686 1340 pervenire
712 1255 791 1320 illuc
817 1258 850 1319 te
877 1256 965 1339 rolo,
992 1260 1123 1340 postero
1151 1257 1215 1341 die,
1245 1281 1327 1343 quae

105 1361 138 1411 15
159 1347 282 1429 scripta
305 1350 407 1430 erunt,
430 1346 554 1429 exequi.
598 1344 650 1408 Ad
668 1343 886 1409 Parmeniona
908 1366 1035 1429 quoqne
1059 1346 1214 1428 epistolas
1232 1347 1328 1431 feres,

156 1455 254 1499 unam
277 1456 298 1499 a
319 1455 381 1518 me,
404 1435 542 1499 alteram
559 1433 709 1498 Philotae
730 1433 860 1499 nomine
880 1434 1041 1517 scriptam.
1082 1431 1218 1519 Signum
1239 1437 1328 1501 anuli

157 1523 226 1586 eius
248 1523 284 1587 in
307 1540 379 1588 mea
401 1525 563 1607 potestate
587 1525 645 1587 est.
689 1519 725 1588 Si
751 1525 845 1605 pater
872 1521 980 1586 erodet
1002 1544 1022 1586 a
1044 1522 1111 1587 filio
1135 1524 1329 1609 inpressum,

104 1628 136 1678 17
156 1632 228 1675 cum
251 1614 286 1676 te
303 1612 429 1695 viderit,
450 1611 535 1677 nihil
553 1607 697 1676 metnet’.
737 1609 933 1695 Polydamas
953 1615 1044 1676 tanto
1062 1611 1219 1678 liberatus
1239 1619 1355 1682 metu8

155 1699 319 1783 inpensius
344 1701 452 1784 etiam,
475 1721 571 1785 quam
594 1699 795 1785 exigebatur,
816 1699 981 1783 promittit
1003 1721 1135 1784 operam
1157 1703 1329 1768 conlauda·

155 1791 273 1872 tuaque
301 1793 334 1854 et
360 1789 530 1873 promissis
558 1795 709 1854 oneratus
738 1788 886 1872 deposita
914 1792 1019 1872 reste,
1051 1810 1149 1873 quam
1175 1790 1328 1875 habebat,

102 1894 136 1944 18
153 1875 296 1942 Arabica
321 1878 473 1943 induitur.
522 1877 595 1944 Duo
622 1876 763 1960 Arabes,
791 1898 927 1960 quorum
955 1877 1089 1942 interim
1112 1879 1268 1963 coniuges
1291 1903 1328 1946 ac

153 1965 249 2030 liberi
275 1967 437 2032 vinculum
460 1966 534 2031 fidei
557 1965 686 2032 obsides
715 1965 801 2050 apud
823 1986 934 2051 regem
957 1969 1062 2049 erant,
1090 1967 1157 2031 dati
1182 1971 1328 2035 comites.

153 2052 217 2118 Per
246 2054 375 2119 deserta
401 2055 501 2120 etiam
529 2055 570 2119 ob
598 2055 777 2119 siccitatem
805 2054 878 2119 loca
909 2055 1041 2119 camelis
1070 2056 1240 2122 undecimo
1268 2059 1329 2142 die,

104 2162 137 2212 19
156 2163 219 2226 quo
238 2143 487 2226 destinaverant,
504 2143 705 2227 perveniunt
745 2142 791 2207 Et
803 2144 992 2228 priusquam
1006 2144 1109 2227 ipsius
1123 2146 1328 2212 nuntiaretur

157 2231 327 2316 adventus,
349 2253 461 2296 rursus
485 2231 681 2315 Polydamas
704 2236 828 2297 vestem
850 2229 1090 2296 Macedonicam
1114 2234 1215 2299 sumit
1239 2236 1328 2300 etin

155 2320 402 2385 tabernaculum
429 2317 645 2385 Cleandri-
671 2323 804 2405 praetor
831 2320 884 2385 hic
910 2321 1020 2406 regius
1049 2326 1117 2386 erat
1140 2357 1184 2368 —-
1212 2328 1328 2408 quarta

154 2529 234 2598 tigte.
254 2560 287 2568 —
305 2530 444 2599 saepias
462 2528 515 2584 wie
530 2534 554 2585 5.
569 2535 594 2584 3.
610 2535 643 2584 13
656 2545 713 2584 sae·
805 2536 846 2586 17.
857 2533 1037 2600 promissis
1050 2535 1217 2587 carratas.
1237 2532 1327 2587 Eben·

150 2601 447 2670 piasqaecope'tareu.
467 2600 532 2655 Tac.
551 2605 712 2655 51111515.
768 2618 798 2657 so
827 2607 851 2657 5.
875 2608 900 2656 4.
926 2609 973 2669 12ς
1001 2608 1026 2657 5.
1051 2608 1092 2656 12.
1117 2607 1158 2657 19.
1179 2634 1212 2642 —
1233 2621 1327 2673 qaam

153 2674 263 2740 saepias
277 2673 521 2726 commendabatur.
540 2671 635 2726 11111151
649 2672 713 2753 lage
767 2674 915 2756 babebat.
949 2674 985 2728 So
1003 2674 1145 2729 brauchen
1164 2675 1237 2727 auch
1253 2675 1327 2729 Clas-

154 2748 383 2894 suasae
391 2744 714 2895 5111111151
767 2744 926 2870 11515
939 2744 1055 2885 11111,
1064 2744 1327 2885 {costerus

154 2884 256 2937 Fmten
274 2883 355 2937 einen
373 2883 446 2938 Hieb
463 2884 628 2953 pariren'.
657 2884 714 2938 Das
768 2885 857 2955 dung,
877 2886 1017 2940 Schmuck
1035 2905 1061 2939 11.
1081 2886 1139 2955 dgl.

155 2953 259 3023 Objekt
282 2955 378 3020 telam,
403 2956 488 3008 tetram
514 2971 541 3008 u.
565 2954 621 3024 dgl.
645 2955 714 3009 lasst
804 2963 846 3012 18.
864 2957 1004 3012 Arabes.
1031 2955 1086 3011 Mit
1098 2957 1201 3011 diesem
1217 2957 1327 3012 Numen

154 3025 227 3079 auch
247 3023 343 3080 Cicero
366 3041 428 3093 aeg
446 3024 491 3093 (de
514 3026 571 3094 opt.
592 3040 654 3094 gen.
674 3041 712 3080 or.
766 3027 945 3082 bezeichnete
959 3044 1026 3082 man
1034 3029 1107 3082 auch
1115 3026 1161 3082 die
1171 3028 1325 3083 Beduinen-

156 3097 216 3165 17):
235 3097 324 3151 oratio
338 3097 472 3150 Isocratis
488 3097 604 3150 redibas
617 3097 710 3164 eludit,
767 3099 886 3153 sttmme
901 3098 950 3152 der
964 3097 1238 3169 mesopotamischen
1248 3118 1275 3154 11.
1286 3118 1326 3168 sy·

104 3170 107 3180 ¹
153 3167 217 3223 (1.11.
232 3167 434 3222 maohtblosse
448 3165 574 3221 Ausfalle
588 3167 713 3221 mitdem
766 3168 878 3223 rischen
895 3169 1003 3223 waste.
1023 3201 1056 3210 -
1076 3173 1209 3225 deserta
1228 3173 1327 3237 etiam

155 3238 360 3308 Schulrappier.
389 3238 469 3292 Doeh
483 3238 580 3292 schien
593 3237 655 3293 hier
668 3239 713 3293 die
767 3240 803 3294 ot
818 3239 1020 3307 siccitatem,
1035 3241 1094 3296 1111.
1105 3241 1211 3295 einsam
1222 3243 1326 3296 sehon

152 3309 362 3380 Eidschiebung
376 3309 581 3364 einessolohen
595 3313 651 3377 (ea)
664 3315 712 3364 no·
766 3325 866 3381 wegen
887 3311 963 3366 ihrer
982 3311 1057 3366 Oede
1076 3311 1133 3365 und
1151 3312 1254 3381 1111115,
1279 3313 1325 3367 ab·

153 3380 225 3450 thig.
254 3380 334 3436 Sinn:
348 3381 493 3436 crdachte
507 3381 587 3434 mehr
602 3397 639 3435 an
652 3381 713 3451 das,
766 3381 889 3450 gesehen
908 3383 1008 3450 daron,
1028 3383 1091 3437 dass
1111 3382 1156 3437 die
1173 3383 1263 3438 Boten
1280 3400 1324 3454 ge·

153 3467 211 3505 was
229 3467 295 3505 man
313 3468 404 3521 gagen
417 3451 476 3520 ihn,
495 3451 712 3507 5155555115-
766 3450 930 3508 llissentlieh
937 3453 1195 3524 jederBegegnnng
1204 3455 1325 3509 ausdem

154 3537 245 3591 gagen
262 3522 307 3575 1111
325 3523 385 3576 sich
403 3523 571 3592 vorbringen
588 3523 689 3577 ktnne.
765 3523 855 3594 Wege
873 3524 986 3594 gingen.
1006 3555 1039 3564 -
1058 3541 1119 3594 pao
1137 3525 1324 3580 destinave-

192 3597 232 3646 15.
265 3594 309 3646 ad
334 3594 540 3660 praefectos,
569 3593 594 3647 d.
619 3595 646 3647 h.
676 3610 713 3646 an
765 3597 1024 3652 1551115111115.
1068 3596 1198 3650 Disselbe
1220 3597 1325 3666 Ellipse

154 3661 290 3717 Cleander
307 3665 333 3731 (ξ
353 3665 405 3731 19),
424 3663 550 3718 Menidas
568 3666 603 3732 (4.
625 3670 666 3719 12.
686 3671 710 3719 3.
768 3664 823 3720 Cic.
847 3664 955 3722 incas
976 3674 1000 3722 1.
1021 3672 1054 3720 10
1075 3683 1172 3738 perpe,
1195 3684 1250 3737 qao
1272 3684 1341 3726 coe,

153 3752 180 3788 u.
200 3735 282 3803 ὅ.)11.
303 3733 421 3788 Sitalces
440 3737 493 3804 (10.
514 3743 536 3789 1.
558 3738 592 3806 1).
629 3735 712 3791 Diese
763 3737 841 3806 pisti.
883 3737 940 3792 Das
958 3737 1082 3793 Verbum
1108 3740 1246 3794 destinare
1268 3756 1324 3794 ver·

153 3805 319 3860 bezeichnet
349 3805 517 3875 wenigstens
544 3806 644 3860 Arrian
672 3807 713 3861 als
767 3807 1324 3877 1111115115151150155115151115511,111111-

153 3875 382 3946 'l'ruppenfuhrer
423 3878 506 3930 unter
542 3876 713 3933 Parmenio's
766 3877 805 3947 fig
823 3877 918 3933 Livius
937 3879 990 3934 mit
1008 3880 1073 3934 dem
1091 3879 1224 3937 Infinitiv.

154 3948 331 4004 Obcrbefehl.
803 3955 844 4004 19.
873 3952 994 4019 ipsias.
1034 3950 1185 4006 Entweder
1209 3951 1324 4007 markirt

190 4026 232 4077 16.
253 4018 410 4074 Philotae
422 4019 564 4086 momine,
583 4018 608 4073 d.
623 4018 651 4072 h.
666 4035 713 4073 an·
766 4019 824 4088 ipse
846 4020 907 4075 hier
929 4040 983 4076 nur
1007 4021 1052 4076 die
1070 4021 1270 4092 Hauptperson
1287 4022 1323 4076 im

154 4090 304 4146 scheinend
323 4090 362 4144 im
378 4090 487 4144 Nomen
504 4089 563 4143 und
576 4089 713 4159 Anftrage
766 4089 922 4162 Gegensata
944 4110 978 4147 nu
1001 4094 1055 4147 den
1077 4093 1181 4148 zuletat
1202 4093 1324 4149 511111111-

153 4161 202 4215 (155
216 4161 350 4218 Philotas.
383 4161 448 4232 Vgl.
463 4161 509 4215 die
522 4161 596 4215 Note
610 4179 644 4214 au
657 4162 712 4214 1551-
766 4163 815 4218 ten
842 4163 1079 4234 Nebenpersonen
1108 4163 1322 4234 [1111115115]

152 4234 231 4286 micas
254 4238 278 4286 1.
297 4239 340 4287 36.
365 4263 398 4274 -
420 4234 565 4302 sipaam
592 4232 712 4301 amali,
766 4233 833 4289 oder
856 4250 886 4289 es
909 4235 1021 4290 beaieht
1044 4234 1103 4288 sich
1127 4236 1178 4290 anf
1199 4235 1323 4292 155115-

154 4301 180 4357 d.
200 4303 227 4357 h.
252 4304 355 4359 amulas
372 4321 434 4359 eam
450 4305 543 4374 sipao,
561 4303 621 4358 der
639 4302 711 4358 aie·
766 4304 992 4377 danhensubjekt
1031 4306 1112 4376 (‘ehe
1148 4322 1180 4362 51
1215 4307 1323 4362 melden

136 4371 291 4444 gelring.
764 4375 869 4447 liess’l.
