2790 4792
135 236 176 301 78
592 233 623 299 o.
643 233 752 289 ouarr
771 233 858 288 aum

136 400 253 464 mentis
281 400 315 463 in
338 399 583 463 tabernaculum
606 397 763 461 deferunt.
807 396 928 481 Ingens
952 397 1135 461 sollicitudo
1160 400 1192 461 et
1215 419 1322 481 paene

100 505 117 554 6
136 490 200 552 iam
223 489 328 551 luctus
352 488 386 550 in
410 486 524 551 castris
547 490 625 550 erat.
669 485 799 549 Flentes
824 486 1054 569 querebantur,
1083 486 1118 550 in
1142 488 1236 550 tanto
1259 486 1321 549 im-

135 580 212 661 petu
242 597 399 660 cursuque
428 596 535 639 rerum
563 574 668 638 omnis
697 574 812 638 aetatis
841 595 878 638 ao
906 575 1080 638 memoriae
1104 575 1320 639 clarissimum

70 741 74 746 ,
135 685 244 749 regem
266 686 334 728 non
357 665 391 727 in
414 664 481 726 acie
505 663 628 745 saltem,
650 684 716 726 non
740 663 780 725 ab
803 661 897 726 hoste
921 662 1088 746 deiectum,
1112 664 1167 727 sed
1186 663 1319 726 abluen-

19 764 22 769 '
102 771 117 820 6
136 757 202 817 tem
226 775 311 837 aqua
334 773 449 835 eorpus
473 754 618 834 ereptum
641 772 711 814 esse
735 755 768 814 et
791 751 976 815 extinctum.
1019 750 1144 815 Instare
1168 750 1323 835 Dareum,

136 842 305 923 victorem,
329 845 502 924 antequam
525 840 659 904 vidisset
681 837 818 903 hostem.
855 837 923 903 Sibi
947 839 1075 903 easdem
1098 844 1215 921 terras,
1239 863 1323 925 quas

135 930 272 993 victoria
294 931 534 1013 peragrassent,
565 928 770 1010 repetendas:
808 929 917 992 omnia
940 932 996 992 aut
1018 929 1106 1011 ipsos
1130 932 1187 992 aut
1208 929 1321 994 hostes

136 1019 324 1101 populatos:
356 1039 413 1100 per
439 1020 548 1081 vastas
577 1016 779 1099 solitudines,
813 1015 939 1080 etiamsi
966 1039 1061 1081 nemo
1085 1017 1210 1100 insequi
1233 1018 1323 1101 velit,

102 1110 250 1175 reuntes
279 1104 365 1169 fame
395 1109 496 1189 atque
517 1105 626 1188 inopia
657 1104 809 1168 debellari
835 1126 939 1187 posse.
985 1105 1088 1181 Quem
1112 1106 1241 1190 signum
1265 1107 1322 1170 da-

137 1197 246 1258 turum
269 1193 492 1278 fugientibus?
521 1215 616 1276 quem
639 1215 792 1256 ausurum
814 1191 999 1258 Alexandro
1023 1194 1212 1258 succedere?
1249 1194 1320 1258 Iam

138 1286 176 1346 ut
198 1282 240 1345 ad
261 1281 509 1365 Hellespontum
531 1283 610 1366 fuga
632 1283 846 1364 penetrarint,
877 1283 1025 1364 classem,
1055 1305 1119 1366 qua
1142 1286 1321 1366 transeant,

103 1392 237 1455 aquem
270 1370 558 1454 praeparaturum?
604 1369 728 1433 Rursus
760 1371 795 1433 in
826 1370 933 1453 ipsum
960 1391 1070 1456 regem
1097 1372 1320 1436 misericordia

138 1481 234 1523 versa
256 1459 348 1522 illum
371 1459 483 1523 florem
506 1460 672 1542 iuventae,
702 1458 793 1522 illam
817 1459 882 1523 vim
906 1459 1019 1537 animi,
1052 1460 1186 1524 eundem
1210 1481 1321 1545 regem

142 1551 174 1611 et
202 1547 455 1612 commilitonem
484 1547 592 1611 divelli
620 1569 639 1610 a
667 1568 701 1610 se
725 1550 758 1610 et
780 1547 929 1630 abrumpi
951 1548 1146 1612 inmemores
1170 1548 1220 1612 sui
1244 1571 1319 1632 que-

103 1636 301 1708 9rebantur.
347 1634 438 1700 Inter
467 1636 546 1700 haec
574 1634 707 1699 liberius
731 1657 838 1699 meare
863 1635 994 1718 spiritus
1019 1640 1169 1720 coeperat
1193 1637 1317 1702 adleva·
1332 1636 1376 1700 13

137 1724 258 1808 batque
287 1745 342 1787 rex
370 1725 479 1788 oculos
508 1727 540 1788 et
566 1724 725 1807 paulatim
752 1725 905 1788 redeunte
934 1725 1043 1789 animo
1071 1726 1317 1791 circumstantes

138 1813 258 1877 amicos
283 1817 473 1898 agnoverat:
497 1813 667 1896 laxataque
686 1812 735 1876 vis
758 1813 864 1876 morbi
884 1813 925 1876 ob
944 1813 1006 1877 hoc
1021 1813 1126 1877 solum
1141 1813 1320 1898 videbatur,

85 1926 118 1974 10
138 1901 214 1986 quia
244 1901 502 1985 magnitudinem
534 1901 611 1964 mali
645 1900 815 1965 sentiebat.
865 1900 977 1964 Animi
1010 1905 1117 1966 autem
1150 1903 1318 1986 aegritudo

139 2011 253 2073 corpus
286 1990 459 2073 urguebat,
497 1990 614 2073 quippe
642 1987 784 2053 Dareum
817 1989 929 2072 quinto
962 1989 1013 2053 die
1045 1993 1080 2053 in
1110 1989 1223 2055 Cilicia
1248 1990 1320 2056 fore

137 2078 357 2140 nuntiabatur.
401 2077 556 2142 Vinctum
579 2098 655 2162 ergo
679 2098 713 2142 se
735 2078 820 2141 tradi
843 2082 876 2141 et
898 2081 1024 2141 tantam
1046 2078 1214 2143 victoriam
1239 2081 1320 2164 eripi

140 2165 203 2229 sibi
233 2186 272 2228 ex
300 2165 450 2229 manibus
479 2166 677 2250 obscuraque
706 2168 738 2229 et
764 2166 901 2250 ignobili
924 2170 1028 2231 morte
1051 2166 1085 2229 in
1107 2168 1320 2232 tabernaculo

86 2280 118 2326 11
139 2253 285 2338 extingui
310 2275 343 2316 se
368 2254 568 2338 querebatur.
601 2253 825 2339 Admissisque
849 2255 960 2318 amicis
979 2256 1100 2338 pariter
1119 2278 1155 2320 ac
1171 2256 1320 2322 medicis:

139 2340 190 2404 ‘In
213 2365 276 2425 quo
300 2341 373 2423 me',
395 2341 509 2425 inquit,
533 2341 680 2406 ‘articulo
703 2364 810 2406 rerum
833 2363 977 2406 mearum
1000 2344 1130 2407 fortuna
1144 2344 1321 2427 deprehen·

140 2429 236 2513 derit,
269 2430 408 2494 cernitis.
454 2428 630 2514 Strepitum
661 2431 829 2495 hostilium
862 2453 1024 2496 armorum
1057 2432 1206 2496 exaudire
1238 2434 1320 2497 mihi

86 2544 119 2592 12
138 2518 248 2582 videor
271 2522 316 2602 et,
339 2519 394 2601 qui
417 2519 502 2584 ultro
525 2519 621 2583 intuli
643 2520 778 2602 bellurn,
801 2521 867 2583 iam
890 2542 1055 2603 provocor.
1091 2519 1217 2585 Dareus
1241 2543 1320 2607 ergo

139 2629 212 2672 cum
234 2610 303 2671 tam
326 2608 480 2690 superbas
502 2608 613 2672 literas
638 2608 798 2692 scriberet,
821 2607 985 2672 fortunam
1009 2630 1114 2673 meam
1133 2610 1168 2673 in
1183 2610 1319 2674 consilio

174 2839 198 2887 5.
223 2835 349 2901 impeta
372 2851 549 2903 caesaque,
579 2835 624 2888 ‘in
647 2835 701 2888 sol·
754 2833 940 2888 verbindetO.
956 2834 1009 2888 mit
1023 2837 1121 2900 amnis,
1141 2852 1224 2904 aqam
1238 2838 1319 2891 aeci-

139 2903 699 2974 chemSturmu.DrangderEreignisse'.
754 2906 815 2974 pia,
833 2907 957 2972 spiritus,
976 2905 1093 2960 einmal
1112 2908 1184 2961 auch
1202 2907 1256 2962 mit
1274 2925 1318 2961 ec·

139 2973 216 3027 Ganz
236 2974 350 3027 ahnlieh
369 2981 394 3029 8.
414 2981 438 3030 6.
459 2981 500 3029 19.
520 3006 553 3014 —
582 2992 698 3030 aon...
754 2977 861 3029 ercitas.
876 3007 909 3014 —
930 2977 967 3029 ob
989 2977 1047 3030 boc
1069 2979 1176 3031 solam
1202 2978 1265 3032 hier
1281 3004 1319 3031 .=

139 3046 269 3112 saltem,
288 3045 375 3114 vergl.
394 3062 451 3099 noa
469 3047 580 3100 deorum
597 3047 699 3114 saltem,
754 3046 839 3100 sehon
858 3047 982 3101 deshalb.
1003 3078 1036 3087 -—
1055 3049 1232 3102 sentiebat.
1265 3049 1319 3102 Die

139 3115 200 3171 Liv.
220 3121 244 3170 6.
260 3122 303 3170 38.
320 3123 385 3172 1.-
400 3117 604 3171 deiectam=
614 3137 700 3170 κατα·
754 3117 905 3171 Rtickkehr
919 3117 1176 3172 desBewusstseins
1191 3119 1319 3174 erschien

140 3186 322 3257 βεβλημένον.
754 3188 822 3241 halb
841 3188 927 3242 sehon
946 3189 988 3242 als
1008 3187 1164 3259 Genesung.

176 3265 200 3312 6.
229 3263 354 3326 cantes,
381 3258 482 3313 betont
508 3283 542 3303 =
565 3258 616 3312 auf
636 3258 700 3312 dem
792 3258 1319 3328 1o.eryo‚hierdiebekannte1³ar-

139 3327 454 3398 Marsche(Gegensatz=
468 3328 700 3398 Kampf,Wider·
754 3327 826 3383 tikel
846 3329 907 3383 ‘der
921 3329 1125 3399 Resignation’,
1144 3332 1247 3400 gehdrt
1264 3350 1320 3385 nur

140 3399 242 3467 stand).
261 3430 296 3438 —
314 3401 482 3454 debellari
496 3426 530 3445 =
545 3404 700 3454 καταπολε-
755 3417 818 3452 zum
835 3399 1042 3454 Infinitivsatze.

141 3473 267 3538 μεῖσθαι,
286 3471 385 3524 mehrf.
405 3470 452 3525 bei
471 3470 508 3537 0.,
527 3470 655 3540 poetisch
672 3488 700 3524 u.
792 3477 833 3523 11.
853 3471 1005 3525 articulo
1025 3497 1058 3517 =
1078 3471 1319 3528 entecheiden-

140 3540 354 3596 nachclassisch.
377 3541 429 3594 Bei
446 3541 541 3595 Livius
559 3542 598 3595 ist
616 3542 700 3595 debet·
755 3540 832 3595 dem
851 3540 1122 3610 Wendepunkte.
1160 3543 1196 3597 So
1216 3543 1273 3597 ore.
1292 3563 1322 3613 p.

141 3612 198 3665 lare
215 3611 288 3664 noch
307 3636 341 3656 =
360 3613 458 3665 bella-m
476 3614 610 3679 conficere.
757 3609 867 3674 Quinct.
879 3618 912 3665 19
929 3613 961 3665 e'a
975 3615 1035 3680 ipso
1050 3615 1167 3668 articulo
1182 3618 1319 3682 temporie.

177 3687 201 3735 7,
239 3683 313 3736 Iam
340 3688 377 3735 at
409 3708 442 3726 =
474 3684 609 3752 gesetzt
636 3700 702 3736 nun
758 3681 822 3750 Vgl.
838 3682 887 3736 das
901 3682 1073 3752 griechische
1093 3680 1166 3754 ῥοπὴ
1182 3686 1237 3738 τῶν
1251 3705 1324 3754 apa-

141 3753 262 3821 (auch)‚
286 3753 362 3806 dass
380 3755 432 3807 ete.
469 3753 579 3807 Ebenso
597 3755 654 3806 iam
672 3757 704 3806 at
757 3747 879 3820 γμοὶτων.

140 3822 200 3878 Liv.
221 3829 245 3877 5.
265 3829 308 3877 54.
324 3831 353 3889 63
373 3841 406 3877 ac
423 3826 480 3878 iam
498 3829 529 3878 at
549 3823 625 3878 Caes.
635 3824 662 3877 b.
675 3841 701 3892 g.
795 3825 987 3878 latitares.
1015 3825 1082 3879 Dies
1101 3826 1242 3880 beriohtet
1260 3842 1323 3880 aus-

140 3901 164 3948 3.
189 3901 214 3948 9.
239 3901 254 3948 6
282 3913 309 3948 u.
334 3894 420 3949 bitere
447 3895 478 3948 in
504 3895 703 3963 umgekehrter
757 3893 841 3948 sero.
856 3913 908 3948 nur
921 3896 995 3949 noch
1004 3895 1323 3951 Pseudo-Callisthenes.

139 3964 226 4034 Folge
245 3967 359 4019 attam.
757 3994 791 4002 -
810 3966 1097 4022 inconstantem.
1123 3967 1203 4021 Sinn:
1223 3984 1253 4020 er
1271 3968 1325 4021 hat

176 4042 200 4089 8.
210 4037 332 4102 florem
345 4038 546 4090 iaceatae=
558 4035 576 4088 J
581 4034 704 4103 agend·
758 4035 835 4089 mein
854 4035 1000 4091 Schiolrsal
1023 4056 1057 4091 zu
1075 4037 1167 4092 Rathe
1189 4054 1322 4107 gezogen,

140 4105 273 4162 frisohe
292 4107 546 4161 wieLiv.28.35.7
566 4123 599 4159 ea
612 4107 705 4159 morbo
759 4105 785 4159 d.
805 4105 832 4160 h.
853 4107 904 4161 auf
919 4107 996 4162 mein
1013 4108 1144 4177 Ungb'ick
1162 4108 1202 4162 im
1220 4125 1325 4163 vorans

141 4184 285 4232 renovatas
317 4181 367 4245 flos
403 4179 536 4230 iuventae.
575 4207 608 4214 -
648 4177 704 4230 ab·
758 4179 923 4246 gerochnet3
956 4178 1070 4233 'ahnlich
1094 4184 1118 4232 5.
1139 4185 1163 4233 6.
1185 4186 1230 4246 123
1259 4179 1320 4233 Liv.

141 4251 260 4316 rumpi,
280 4249 366 4302 sehon
380 4266 436 4303 von
450 4246 505 4301 Cic.
521 4247 551 4300 in
565 4246 705 4316 gleichem
759 4253 801 4302 36.
817 4255 842 4302 8.
857 4256 881 4304 6.
914 4249 950 4302 So
970 4252 1034 4318 sagt
1052 4251 1137 4304 sehon
1156 4249 1213 4304 Cic.
1233 4252 1324 4320 legera,

143 4317 226 4372 Sinne
245 4320 408 4388 gebraucht.
757 4318 837 4384 tidem
864 4321 896 4372 ia
923 4335 995 4374 eoas.
1022 4321 1132 4384 trabere,
1160 4320 1229 4374 wir:
1265 4320 1325 4374 ‘ein

72 4468 77 4471 -
178 4395 201 4442 9.
221 4406 335 4444 meare.
363 4387 706 4458 DiesespoetischeWort
758 4387 837 4442 Buch
855 4407 889 4443 zu
906 4390 997 4444 Rathe
1017 4390 1137 4444 ziehen’.
