2790 4792
149 217 194 280 44
602 215 633 282 Q.
654 214 763 271 ccum
782 214 869 269 RUFI

151 380 282 446 creditis
306 401 375 443 esse
403 382 580 461 tormenta,
607 400 648 440 ne
677 377 762 442 hanc
789 378 918 461 quidem
947 377 1146 443 exhibendae
1174 377 1324 459 ueritatis

98 480 132 528 30
150 469 246 533 fidem
274 468 436 552 deprecor.
485 464 599 531 Solent
629 466 677 530 rei
709 467 825 550 capitis
858 466 1009 531 adhibere
1040 466 1132 531 vobis
1159 472 1326 550 parentes.

150 557 241 622 Duos
267 555 386 621 fratres
415 575 475 640 ego
503 577 605 639 nuper
628 555 736 638 amisi,
762 560 889 639 patrem
915 576 975 619 nec
996 555 1165 620 ostendere
1189 577 1326 639 possum
1335 557 1377 621 40

97 659 131 706 31
151 667 209 710 nec
227 646 377 710 invocare
396 644 509 726 audeo,
527 666 600 709 cum
619 647 652 708 et
670 644 740 727 ipse
758 645 841 709 tanti
855 644 999 708 criminis
1016 666 1090 708 reus
1109 645 1161 707 sit.
1202 643 1326 709 Parum

151 739 201 800 est
228 735 314 798 enim
341 736 393 799 tot
416 733 513 798 modo
537 732 675 797 liberum
697 736 880 816 parentem,
908 733 944 797 in
966 733 1061 797 unico
1084 733 1150 797 filio
1175 733 1326 818 adquies-

151 828 287 907 centem,
310 844 347 887 eo
371 843 500 907 quoque
523 821 641 905 orbari,
662 821 728 885 nisi
746 822 815 905 ipse
833 821 868 902 in
884 840 1002 905 rogum
1020 843 1128 886 meum
1146 822 1326 905 inponitur.

98 923 131 972 32
150 912 250 996 Ergo,
273 912 438 976 carissime
458 914 561 994 pater,
584 914 618 975 et
635 912 767 994 propter
785 931 837 974 me
855 910 1001 975 morieris
1021 915 1055 974 et
1072 932 1207 975 mecum.
1249 910 1345 996 Ego.

150 1002 213 1066 tibi
235 1000 338 1065 vitam
362 999 478 1078 adimo,
501 1018 562 1083 ego
586 1002 785 1064 senectutem
808 1003 899 1064 tuam
922 999 1089 1084 extinguo!
1136 997 1220 1074 Quid
1240 1003 1327 1064 enim

151 1111 203 1154 me
226 1089 420 1172 procreabas
443 1087 607 1152 infelicem
630 1086 887 1166 adversantibus¹
901 1087 973 1152 dis?
1002 1110 1044 1153 an
1065 1092 1103 1151 ut
1125 1087 1186 1153 hos
1211 1111 1250 1153 ex
1274 1111 1333 1153 me

99 1189 132 1239 33
151 1178 276 1243 fructus
300 1177 495 1261 perciperes,
523 1177 580 1261 qui
601 1179 634 1241 te
657 1175 811 1240 manent?
851 1176 983 1259 Nescio,
1011 1176 1230 1242 adulescentia
1254 1201 1328 1243 mea

152 1266 301 1331 miserior
330 1266 374 1330 sit
401 1286 444 1329 an
467 1268 614 1330 senectus
637 1268 708 1330 tua:
736 1284 796 1349 ego
824 1265 860 1330 in
886 1265 958 1349 ipso
981 1266 1097 1330 robore
1121 1267 1240 1331 aetatis
1264 1269 1327 1331 eri-

152 1356 238 1439 pior:
260 1355 322 1420 tibi
346 1352 491 1419 carnifex
510 1354 660 1438 spiritum
679 1353 809 1438 adimet,
832 1375 937 1439 quem,
960 1355 988 1418 si
1005 1353 1137 1419 fortuna
1156 1358 1327 1439 expectare

98 1464 134 1513 34
153 1444 320 1525 voluisset,
342 1444 460 1506 natura
482 1442 646 1525 poscebat
692 1441 873 1507 Admonuit
900 1463 951 1506 me
979 1443 1083 1526 patris
1106 1442 1171 1506 mei
1193 1445 1328 1527 mentio,

153 1553 251 1616 quam
277 1531 391 1595 timide
418 1535 451 1595 et
478 1534 681 1616 cunctanter,
710 1552 791 1617 quae
815 1528 989 1596 Cebalinus
1018 1530 1180 1597 detulerat
1203 1532 1244 1597 ad
1268 1555 1330 1616 me,

152 1618 295 1685 indicare
318 1618 494 1684 debuerim.
534 1619 706 1686 Parmenio
731 1619 826 1703 euim,
849 1641 923 1685 cum
946 1619 1103 1704 audisset,
1125 1642 1287 1686 venenum
1311 1644 1330 1686 a

152 1708 305 1794 Philippo
340 1707 464 1773 medico
487 1708 568 1793 -regi
599 1709 721 1793 parari,
753 1707 915 1774 deterrere
948 1730 1022 1773 eum
1053 1709 1157 1772 voluit
1188 1710 1330 1793 epistola

153 1798 283 1880 scripta,
306 1819 369 1883 quo
392 1797 501 1861 minus
524 1797 795 1863 medicamentum
818 1797 953 1879 biberet,
977 1797 1062 1882 quod
1083 1798 1227 1862 medicus
1251 1799 1330 1863 dare

154 1886 375 1951 constituerat.
418 1883 505 1950 Num
524 1885 682 1951 creditum
697 1892 748 1951 est
761 1885 850 1967 patri
864 1886 958 1951 meo?
980 1907 1059 1950 num
1076 1887 1174 1950 ullam
1189 1890 1329 1953 auctori·

100 1990 134 2039 35
154 1977 257 2040 tatem
277 1975 346 2040 eius
364 1974 491 2038 litterae
509 1973 713 2039 habuerunt?
754 1975 827 2059 Ego
846 1975 925 2059 ipse,
944 1975 1104 2059 quotiens,
1121 1997 1203 2063 quae
1223 1977 1332 2042 audie·

152 2085 238 2146 ram,
271 2063 386 2142 detuli,
413 2084 486 2126 oum
514 2063 654 2128 ludibrio
683 2063 886 2128 credulitatis
914 2063 1063 2146 repulsus
1094 2085 1174 2128 sum.
1226 2062 1261 2128 Si
1291 2071 1331 2143 et,

155 2174 227 2217 cum
256 2151 450 2233 indicemus,
472 2151 569 2216 invisi
592 2155 638 2230 et,
661 2174 734 2216 cum
757 2156 917 2232 tacemus,
941 2150 1083 2234 suspecti
1106 2174 1228 2237 sumuS,
1252 2154 1331 2238 quid

100 2240 259 2305 refecere
286 2261 345 2304 uos
373 2238 540 2323 oportet?
590 2237 735 2326 Cumque
763 2262 845 2305 unus
874 2261 891 2303 e
919 2240 1200 2305 circumstantium
1231 2243 1331 2308 turba

155 2328 381 2410 exclamasset,
408 2326 508 2392 ‘Bene
536 2329 660 2393 meritis
687 2352 755 2395 non
781 2326 955 2393 insidiaril'
1004 2327 1168 2412 Philotae,
1196 2329 1332 2414 ‘Recte’,

100 2426 134 2473 37
153 2417 272 2501 inquit,
300 2415 458 2501 ‘quisquis
481 2438 530 2498 es,
557 2417 645 2482 diois.
690 2418 804 2502 Itaque
832 2417 860 2481 si
882 2417 1052 2481 insidiatus
1077 2440 1163 2502 sum,
1191 2441 1331 2502 poenam

153 2528 220 2570 non
246 2506 400 2589 deprecor
427 2509 461 2570 et
486 2506 585 2570 finem
613 2506 698 2572 facio
729 2505 869 2588 dicendi,
899 2506 1053 2590 quoniam
1083 2506 1200 2570 ultima
1231 2510 1332 2574 verba

155 2595 368 2748 {ragiatsunt
390 2595 460 2658 visa
483 2593 636 2659 auribus'.
683 2595 863 2660 Abducitur
881 2594 994 2658 deinde
1014 2595 1055 2658 ab
1075 2595 1124 2676 iis,
1148 2596 1203 2679 qui
1223 2602 1330 2662 eusto-

178 2705 208 2747 re
234 2707 274 2747 an
312 2705 393 2747 eum.

155 2875 204 2928 des
223 2874 253 2927 in
271 2873 360 2929 Proca
382 2876 461 2928 ronst
482 2875 715 2944 uugewdhnliche
769 2873 821 2928 Die
836 2873 934 2928 Worte
952 2875 985 2927 iu
1001 2890 1098 2944 royano
1115 2893 1203 2930 meum
1221 2879 1332 2946 inponi-

154 2943 382 3014 Verbindungen.
770 2950 816 2999 tur
834 2945 957 3014 beregen
975 2943 1054 3000 nicht
1071 2947 1151 3000 mehr
1169 2948 1212 3002 als
1230 2966 1333 3004 mecm

192 3020 234 3068 29.
263 3016 365 3081 fidem
388 3017 452 3084 sagt
474 3015 553 3069 mehr
571 3015 613 3070 als
631 3017 715 3070 ratio-
769 3016 893 3070 moritur.
913 3045 947 3055 -
966 3017 1151 3085 quidecim
1170 3044 1203 3064 =
1223 3021 1253 3073 τί
1268 3016 1333 3090 γάρ,

155 3102 229 3152 nem,
251 3088 333 3140 uiam.
360 3086 427 3153 fides
449 3085 488 3139 ist
506 3086 551 3140 ein
569 3086 716 3141 Beweis·
770 3103 893 3140 warum
916 3085 1004 3141 deun
1026 3089 1117 3144 auch.
1156 3088 1214 3143 Der
1237 3110 1272 3145 zu
1293 3110 1333 3147 er-

156 3157 272 3212 mittel
294 3175 342 3211 zur
364 3156 527 3226 Erh'artung
550 3156 598 3210 der
617 3156 717 3210 Wahr·
771 3156 915 3226 gauaende
934 3156 1209 3228 Zwiechengedanlre
1227 3161 1280 3216 ist:
1304 3169 1334 3218 ct

155 3227 228 3296 heit;
246 3229 276 3282 in
294 3226 433 3297 gleichem
453 3226 536 3281 Sinna
555 3227 644 3281 findet
657 3227 717 3283 sich
770 3243 828 3283 aon
845 3228 971 3282 cammite
990 3229 1041 3283 cccc·
1058 3231 1108 3285 tec
1126 3233 1236 3290 acadit.

156 3301 206 3353 das
229 3299 310 3354 Wort
337 3300 409 3354 auch
434 3297 481 3352 bei
503 3298 611 3367 Livius,
638 3299 718 3354 nicht
807 3323 848 3371 33,
872 3318 1003 3386 eripior
1039 3319 1096 3375 ab,
1119 3320 1164 3373 ffir
1187 3323 1334 3392 mimo,

156 3371 247 3424 selten
260 3371 312 3425 mit
326 3369 416 3424 einem
427 3369 545 3425 Genetiv
559 3370 608 3423 der
621 3386 655 3422 zu
668 3369 717 3424 be·
770 3387 824 3444 wi,
842 3389 914 3443 „ppt
932 3358 1219 3457 ,Quaem-1422·
1255 3393 1334 3449 pon,

155 3440 315 3495 Weisessden
334 3441 431 3497 sache·
770 3459 927 3529 standiger:
955 3465 1075 3529 creptam
1101 3464 1183 3517 rebare
1203 3465 1336 3520 banania

192 3529 500 3584 accelerantem.
533 3529 570 3583 Es
583 3529 658 3598 fclgt
671 3527 718 3582 die
771 3535 901 3586 10.5.10.
928 3530 1103 3601 Dochsugte
1117 3535 1336 3592 manauchvc'tc

155 3599 306 3667 peroratio,
324 3599 369 3652 die
387 3599 418 3652 in
436 3599 543 3653 diesem
557 3599 636 3654 Falla
655 3600 716 3655 eine
771 3603 888 3669 eapitur
911 3603 1009 3668 alicui,
1037 3601 1093 3658 Oic.
1117 3621 1144 3673 p.
1168 3605 1249 3660 Rosc.
1271 3610 1335 3662 Am.

157 3669 318 3738 deprecatio
343 3669 386 3723 ist.
413 3701 446 3709 -
471 3676 630 3739 parentes
656 3670 718 3724 hier
773 3677 833 3725 149.
862 3704 891 3712 -
913 3673 1073 3742 poscebat
1099 3674 1145 3727 fiir
1167 3679 1337 3745 poposcerat

156 3755 186 3793 so
214 3740 272 3794 viel
298 3740 352 3794 als:
383 3740 440 3795 ‘die
464 3741 601 3795 n'achsten
623 3741 718 3795 Bluts-
772 3759 793 3798 s.
816 3742 889 3799 Einl.
908 3749 923 3809 ξ
942 3749 975 3797 45
996 3761 1020 3799 a.

155 3811 362 3894 rerpandteu',
390 3811 676 3895 einessfflejllhnffllss
701 3828 718 3866 a
808 3835 851 3884 34.
887 3847 1072 3886 cenenum
1095 3852 1113 3887 c
1138 3835 1337 3906 Philippo

156 3884 272 3950 potrcrr,
305 3898 357 3937 ΜΘ
385 3898 469 3950 imm
503 3882 654 3948 ‘Klssd01'3
687 3899 718 3936 ⁵0
768 3903 903 3968 parari.
941 3901 968 3958 S.
988 3902 1060 3956 oben
1078 3910 1103 3957 3.
1119 3910 1144 3959 6.
1159 3911 1184 3962 4.
1205 3937 1238 3945 —
1260 3923 1336 3962 coa-

156 3953 277 4007 brfflwhl
295 3952 367 4007 ³¹¹10h
384 3953 406 4006 Ε
408 3953 483 4007 1οΜ
501 3954 551 4007 (12⁵
569 3952 658 4008 Wffi·
771 3972 942 4027 stitccrct.
989 3973 1133 4029 Zwisehen
1160 3976 1224 4030 dem
1247 3978 1336 4032 Aner-

178 4047 235 4122 .3¹·
251 4058 372 4110 puram
389 4047 449 4123 est,
469 4041 522 4095 mit
534 4041 718 4096 bittererIro·
771 4041 868 4124 bieten
890 4043 939 4097 des
957 4043 1106 4114 Philippus
1124 4047 1183 4129 urrd
1200 4048 1265 4102 dem
1284 4048 1336 4103 Be·

156 4111 719 4264 {gratanter„thahath
772 4113 973 4240 curret}
986 4115 1070 4241 hrt
1083 4118 1335 4244 {ltalhtttt

158 4268 265 4320 genag;
293 4269 327 4305 er
351 4251 403 4307 soll
429 4251 568 4306 durchaus
590 4254 644 4306 mrt
665 4271 719 4307 m1r
772 4253 844 4308 Einl.
864 4261 879 4321 ς
898 4262 931 4310 32
951 4273 974 4312 c.
995 4260 1025 4328 βς
1048 4257 1105 4328 vgl.
1130 4260 1202 4315 auch
1219 4260 1334 4315 babebat

75 4306 121 4496 Ι
151 4321 198 4374 alc
209 4321 297 4390 Opfer
308 4323 397 4377 fallen
413 4324 480 4394 (vgl.
495 4323 621 4390 carnifex
635 4328 650 4388 ξ
664 4325 719 4392 33).
774 4331 815 4380 11.
835 4332 860 4380 3.
