2790 4792
134 561 236 624 tionis
261 559 448 625 auctoribus
478 561 593 641 quarto
623 556 674 620 die
699 557 739 620 ad
763 557 884 621 flumen
907 554 1013 620 Oxum
1043 557 1235 639 perventum
1259 557 1317 618 est.

135 649 213 733 Hic,
237 648 314 733 quia
337 648 452 711 limum
475 645 580 728 vehit,
602 645 749 710 turbidus
775 666 917 728 semper,
940 642 1119 708 insalubris
1143 645 1194 706 est
1217 643 1317 725 potui.

136 738 252 821 Itaque
281 739 398 821 puteos
433 735 527 798 miles
561 737 713 817 coeperat
744 733 854 798 fodere
886 755 947 798 nec
978 735 1090 796 tamen
1121 731 1220 795 humo
1250 730 1316 795 alte
1337 750 1372 799 14

137 829 250 910 egesta
273 824 434 889 existebat
460 823 588 887 humor.
634 820 718 886 Tum
740 822 775 886 in
802 822 874 905 ipso
899 821 1112 886 tabernaculo
1135 821 1222 903 regis
1246 840 1318 884 con·

140 918 269 998 spectus
293 916 343 977 est
364 913 452 995 fons,
476 933 571 994 quem
596 910 673 994 quia
694 911 787 975 tarde
806 913 1015 992 notaverant,
1038 909 1147 973 subito
1171 908 1318 973 extitisse

139 1004 313 1066 finxerunt:
347 1021 467 1083 rexque
498 1000 568 1083 ipse
598 998 686 1063 credi
717 999 836 1081 voluit,
867 999 957 1064 11111111
989 998 1109 1063 donum
1140 997 1176 1061 id
1207 996 1317 1062 fuisse.

140 1091 306 1174 Superatis
331 1088 445 1153 deinde
469 1088 619 1152 amnibus
644 1086 733 1153 Ocho
757 1091 790 1151 et
814 1087 884 1153 Oxo
909 1087 949 1152 ad
973 1086 1088 1151 urbem
1112 1085 1315 1170 Margianam
1337 1105 1370 1154 15

139 1180 296 1263 pervenit.
347 1176 441 1242 Circa
468 1199 540 1241 eam
567 1194 605 1240 vr
632 1176 759 1260 oppidis
792 1176 966 1242 condendis
994 1175 1098 1239 electa
1129 1175 1221 1240 sedes
1253 1177 1317 1238 est:

140 1269 204 1331 duo
228 1267 268 1332 ad
291 1266 459 1331 meridiem
481 1287 590 1348 versa,
612 1282 667 1328 1111
685 1265 867 1348 spectantia
890 1264 1049 1329 orientem
1072 1263 1210 1328 modicis
1234 1263 1318 1327 inter

141 1378 176 1420 se
196 1355 311 1439 spatiis
330 1354 510 1438 distabant,
530 1375 572 1417 ne
594 1353 708 1437 procul
727 1353 938 1437 repetendum
957 1356 1044 1417 esset
1061 1355 1211 1416 mutuum
1230 1351 1317 1416 auxi·

138 1445 229 1508 lium.
265 1441 355 1508 Haec
374 1443 484 1507 omnia
502 1443 566 1506 sita
587 1444 664 1506 sunt
686 1441 721 1506 in
741 1442 836 1507 editis
856 1440 1009 1507 collibus:
1032 1444 1103 1505 tum
1121 1441 1211 1506 velut
1233 1440 1318 1505 freni
1337 1463 1370 1513 16

140 1532 335 1596 domitarum
355 1531 515 1616 gentium,
535 1552 621 1594 nunc
640 1530 776 1615 originis
797 1552 874 1595 suae
893 1530 997 1594 oblita
1017 1529 1177 1614 serviunt,
1201 1531 1318 1613 quibus

139 1622 391 1705 imperaverunt.

652 1758 731 1831 oar.
755 1759 811 1825 XI.

85 1867 125 1930 41
229 1866 274 1931 Et
297 1870 406 1931 cetera
429 1866 559 1950 quidem
587 1870 760 1950 pacaverat
782 1888 848 1931 rex.
892 1864 967 1932 Una
990 1869 1060 1930 erat
1083 1869 1191 1949 petra,
1220 1887 1351 1951 quaml

138 1956 308 2020 Arimazes
342 1953 524 2039 Sogdianus
554 1974 629 2020 xxx
660 1954 793 2020 milibus
826 1957 1025 2020 armatorum
1058 1955 1229 2019 obtinebat
1261 1956 1319 2019 ali-

139 2044 259 2108 mentis
274 2047 349 2108 ante
364 2043 536 2127 congestis,
554 2065 638 2128 quae
656 2047 768 2109 tautae
782 2043 985 2108 multitudini
1001 2043 1053 2108 vel
1072 2065 1131 2126 per
1150 2043 1317 2108 biennium

139 2135 359 2215 suppeterent
396 2130 495 2196 Petra
517 2132 552 2195 in
576 2132 783 2197 altitudinem
801 2150 876 2197 xxx
900 2132 1021 2197 eminet
1044 2130 1161 2215 stadia,
1179 2132 1316 2197 circuitu
1335 2155 1351 2203 2

139 2239 160 2285 c
183 2225 217 2284 et
240 2238 262 2283 u
287 2220 514 2305 conplectitur:
537 2221 680 2306 undique
704 2220 833 2286 abscisa
851 2225 884 2286 et
902 2221 1042 2304 abrupta
1064 2221 1180 2286 semita
1203 2243 1317 2305 peran-

177 2472 218 2520 13.
247 2465 537 2519 consternationis
565 2492 599 2512 =
630 2467 701 2534 defe-
756 2466 845 2521 Stclle
869 2466 963 2535 spbter
985 2464 1142 2521 Antiochus
1169 2466 1250 2522 Soter
1273 2468 1318 2523 die

137 2536 252 2602 ettonis,
284 2535 338 2589 wie
370 2532 516 2589 mehrfach
547 2535 594 2590 bei
626 2535 701 2592 Ourt.
756 2537 839 2591 Stadt
851 2535 1005 2590 Antiochia
1019 2536 1166 2606 Margiana
1179 2539 1318 2608 gn‘indete

137 2605 238 2660 Dieser
265 2607 413 2661 Gebrauch
445 2607 494 2661 des
521 2607 634 2662 Wortes
663 2606 702 2662 ist
756 2607 1317 2678 (Strab.p.h160.).—oppc'diecon-

136 2677 354 2731 nachclassisch.
375 2708 408 2717 -
428 2677 621 2733 insalubris
641 2695 701 2748 po·
755 2679 882 2734 dendis.
918 2678 1000 2732 Nach
1016 2677 1126 2733 Plinius
1144 2697 1170 2733 n.
1190 2681 1217 2735 h.
1238 2686 1262 2735 6.
1282 2686 1317 2734 46

137 2749 204 2814 tne',
222 2747 275 2800 wie
290 2765 364 2816 aqna
375 2749 459 2817 potui
471 2749 610 2815 incende,
628 2749 700 2804 Plin.
755 2767 782 2806 u.
801 2755 836 2804 48
855 2749 993 2819 grdndete
1011 2749 1170 2804 Alexander
1188 2751 1253 2806 dost
1271 2751 1317 2807 die

139 2837 166 2872 n.
186 2819 214 2875 h.
234 2824 258 2873 6.
279 2824 339 2872 203.
757 2820 856 2876 Sthdte
875 2819 1046 2876 Alexandria
1063 2839 1091 2875 u.
1110 2821 1255 2878 Heraclea.

175 2894 217 2944 14.
237 2890 304 2944 alte
322 2915 356 2935 ==
377 2889 453 2943 ‘aus
476 2906 587 2958 grosser
608 2889 699 2946 Tiefe'
792 2897 833 2947 16.
853 2898 920 2947 tun
937 2891 977 2946 im
995 2889 1133 2948 betonten
1147 2891 1264 2963 Gegens.
1283 2912 1317 2949 au

137 2962 164 3014 d.
183 2960 211 3013 h.
231 2977 297 3014 man
315 2960 395 3016 hatte
412 2960 468 3015 tief
482 2959 513 3015 in
533 2961 587 3016 den
604 2961 701 3017 Boden
754 2979 831 3018 necno
852 2961 907 3017 wie
932 2968 956 3017 5.
976 2969 1024 3031 423
1049 2969 1090 3019 10.
1112 2969 1153 3018 16.
1173 2966 1318 3031 -freni

135 3030 235 3085 hinein
263 3032 414 3100 gegraben.
454 3031 519 3101 Vgl.
545 3034 700 3102 111111111-
756 3036 932 3090 =clanstrn
955 3040 1047 3102 6.13,
1072 3034 1117 3089 ein
1140 3053 1316 3106 ganzunge-

136 3108 212 3156 trare
232 3100 282 3170 (in
300 3102 354 3156 die
369 3101 481 3171 Tiefe)
501 3122 527 3157 u.
547 3105 601 3159 alte
618 3105 701 3174 spiri·
754 3105 927 3160 wdhnlicher
949 3105 1105 3161 Ausdruclx
1151 3105 1232 3160 Doch
1258 3108 1316 3177 vgl.

136 3178 195 3226 tnnc
223 3173 319 3227 ducere
341 3174 418 3241 (aus
441 3173 499 3228 der
522 3174 643 3241 Tiefe).
666 3206 699 3215 —
755 3175 1021 3231 0i0.Phi1.1e.2o
1046 3177 1191 3230 Mutinam
1209 3178 1254 3231 illi
1271 3195 1316 3232 cn-

136 3244 223 3309 fons.
264 3242 400 3298 Dasselbe
424 3242 544 3298 Miralxel
572 3245 701 3301 erzthlen
755 3248 873 3302 cultandi
907 3253 1047 3315 tamqnam
1082 3246 1176 3313 frenos
1210 3248 1316 3314 fenoris

136 3313 190 3368 mit
223 3313 335 3382 einigen
366 3313 595 3385 Abweichungen
628 3318 700 3371 auch
753 3318 856 3373 inierit.
883 3348 917 3357 —
943 3333 1034 3372 nnnc
1061 3317 1087 3370 d.
1115 3318 1142 3371 h.
1171 3317 1225 3372 seit
1252 3319 1316 3373 dem

135 3383 238 3438 Arriam
256 3402 282 3439 u.
302 3384 445 3440 Plutarch.
755 3388 851 3443 Sturae
879 3388 928 3442 des
955 3386 1316 3457 griechiseh-baktrischen

174 3460 215 3510 15.
246 3454 333 3510 Ocho
364 3461 394 3510 ct
423 3455 498 3511 Oxo.
545 3457 589 3512 Da
619 3458 699 3514 Alex.
754 3459 873 3514 Reiches
897 3458 986 3513 durch
1009 3459 1055 3514 die
1078 3457 1200 3530 Scythen
1220 3478 1242 3517 c.
1265 3469 1314 3517 136

132 3525 287 3595 jedenfalls
320 3544 377 3581 von
404 3525 507 3582 Baetra
537 3544 587 3582 ans
618 3532 700 3584 west·
754 3548 780 3585 v.
801 3529 863 3585 Chr.

134 3599 221 3650 w‘elrts
236 3613 301 3665 neg,
317 3614 347 3651 so
361 3598 441 3652 hatte
457 3615 487 3653 er
499 3597 580 3653 nieht
593 3601 701 3668 sowohl

134 3668 191 3722 den
209 3666 285 3721 Oxus
308 3668 350 3721 als
375 3668 456 3723 einen
480 3668 548 3724 oder
571 3671 699 3726 mehrere
967 3645 1031 3702 ΟΠ·
1053 3647 1100 3703 XI·

127 3736 264 3815 ,sudliche
286 3739 469 3794 Nebenfldsse
495 3740 643 3796 desselben
665 3760 699 3797 au
790 3748 814 3798 1.
847 3743 1022 3800 Arimazes
1053 3745 1248 3816 Seyde‘anns
1279 3775 1313 3794 =

133 3809 270 3879 passiren.
296 3809 395 3890 ‘Ochus
408 3809 444 3879 (d.
459 3811 487 3865 h.
507 3811 566 3865 der
582 3812 698 3882 Fluss)
751 3807 919 3884 Ἀριομάζης,
935 3814 1067 3886 Polyaen.
1083 3824 1108 3873 4.
1124 3824 1148 3873 3.
1165 3823 1212 3886 293
1228 3813 1313 3885 Ἀρια-

133 3880 190 3934 soll
208 3879 355 3935 vielle1cht
373 3881 428 3935 den
441 3880 554 3951 Margus
569 3883 697 3953 (Murg-
752 3881 855 3954 μάζης,
869 3885 961 3941 Strab.
976 3904 1003 3956 p.
1014 3893 1075 3943 517.
1102 3888 1200 3943 Dieser
1213 3888 1313 3944 Felsen

132 3952 218 4019 hab)
252 3951 435 4018 bezeichnen,
471 3969 527 4008 von
561 3953 697 4009 welchem
751 3956 801 4025 lag
826 3957 899 4012 nach
927 3957 982 4011 den
1009 3961 1169 4041 genannten
1197 3958 1312 4015 Schrift-

132 4022 265 4102 westlich
291 4023 336 4076 dic
355 4023 529 4079 Landschaft
550 4024 698 4094 Margiana
752 4027 867 4082 stellcrn
885 4027 915 4082 in
934 4028 1088 4098 Sogdianam
1111 4029 1212 4085 Arrian
1234 4029 1312 4086 iden-

131 4093 195 4162 lag,
223 4093 296 4147 Phn.
318 4110 345 4147 n.
369 4094 397 4148 h.
421 4099 446 4149 6.
471 4101 513 4151 46.
533 4125 567 4136 -
585 4096 697 4151 urbem
750 4097 848 4153 tifioirt
869 4099 920 4153 ihn
941 4100 971 4153 in
990 4099 1095 4153 seinem
1114 4100 1228 4154 Bericht
1249 4121 1313 4156 zum

133 4164 407 4232 Mareianam=
423 4165 494 4220 ‘die
514 4165 614 4221 Stadt
632 4183 697 4221 ron
751 4168 834 4224 'Pheil
856 4169 909 4224 mit
930 4170 980 4224 der
1003 4176 1128 4226 6110
1150 4172 1312 4229 erwthnten

131 4234 698 4304 Margiana’,rgl.z.B.arccBoctrtanc
750 4239 837 4295 Veste
856 4240 904 4295 des
924 4239 1105 4298 Sisimithres.

132 4311 158 4360 9,
178 4310 247 4372 7.1;
264 4305 421 4360 Bactriana
439 4312 513 4363 terro
527 4308 599 4362 oben
613 4314 638 4362 4.
653 4314 697 4376 26,
786 4317 811 4367 1.
837 4310 943 4364 XXX
963 4312 1084 4368 alodia
1106 4338 1143 4360 a
1162 4313 1328 4383 mmmm.

130 4374 281 4430 vielleicht
305 4375 433 4431 desselbe
451 4376 514 4447 Ort,
539 4396 575 4433 an
597 4379 697 4436 descen
750 4380 864 4439 Ebenso
882 4381 989 4438 Strabo
1008 4399 1037 4439 a.
1052 4398 1082 4437 e..
1094 4383 1134 4444 o.

1086 4471 1128 4527 *ι*
