2790 4800
103 206 147 270 90
558 205 590 271 Q.
610 204 721 260 OURTI
739 204 826 260 RUFI

105 368 313 434 eonsalutant
340 389 413 432 eum
442 370 491 452 et,
522 366 607 450 quod
635 370 710 432 ante
738 370 967 433 recusaverant
992 367 1131 449 bellum,
1160 365 1287 432 fmooes

67 472 84 519 s
103 457 292 540 deposcunt.
336 455 398 521 Ille
426 478 460 520 se
482 457 607 520 ratibus
631 456 772 540 equitem
795 456 1057 540 phalangemque
1078 459 1288 538 transporta-

102 549 214 610 turum
238 567 307 609 esse
331 545 530 628 pronuntiat
554 566 651 628 super
673 549 763 609 utres
786 545 878 609 iubet
899 566 977 609 nare
999 544 1105 609 levius
1130 548 1288 610 armatos.

68 647 85 696 '1
104 633 203 699 Plura
229 655 288 698 neo
315 633 379 697 diei
401 655 453 697 res
477 632 673 697 desideravit
695 654 755 698 neo
778 655 835 696 rex
859 633 964 697 dicere
987 655 1046 716 per
1068 633 1288 698 valitudinem

66 723 218 806 spotuit.
265 721 417 787 Ceterum
443 724 538 786 tanta
566 721 736 787 alacritate
760 722 903 786 militum
931 724 1018 786 rates
1042 722 1177 786 iunctae
1202 726 1287 806 sunt

102 816 140 876 ut
162 811 249 875 intra
271 810 415 874 triduum
438 809 479 874 ad
502 828 553 873 ΧΠ
575 810 666 873 milia
689 811 822 874 effectae
845 811 920 874 sint.
960 809 1095 893 Iamque
1119 810 1162 874 ad
1181 814 1286 876 trans·

102 899 243 964 eundum
272 899 381 962 omnia
408 902 614 981 aptaverant,
644 920 715 962 oum
742 899 845 983 legati
874 897 1070 982 Scytharum
1098 917 1163 983 xx,
1196 921 1286 964 more

102 988 208 1072 gentis
241 1009 299 1070 per
331 989 438 1051 castra
470 987 561 1071 equis
594 988 697 1071 vecti,
735 988 884 1052 nuntiare
920 987 1035 1052 iubent
1071 988 1162 1072 regi,
1205 989 1286 1053 velle

67 1077 195 1159 eipsos
227 1075 269 1139 ad
300 1097 373 1140 eum
405 1075 560 1139 mandata
591 1075 743 1159 perferre.
792 1075 938 1140 Admissi
968 1077 1002 1140 in
1034 1075 1286 1141 tabernaculum

103 1163 249 1247 iussique
273 1163 438 1228 considere
461 1163 495 1228 in
517 1165 611 1229 vultu
632 1165 719 1250 regis
738 1165 916 1229 defixerant
935 1165 1060 1229 oeulos:
1083 1165 1195 1249 oredo,
1215 1167 1286 1249 quis

103 1252 328 1336 magnitudine
355 1253 499 1335 eorporis
527 1252 671 1317 animum
700 1253 948 1318 aestimantibus
976 1253 1123 1317 modicus
1151 1254 1285 1318 habitus

104 1339 355 1424 haudquaquam
383 1339 490 1404 famae
521 1362 581 1424 par
613 1341 790 1406 videbatur.
840 1341 971 1424 Scythis
1005 1343 1116 1405 autem
1143 1364 1215 1407 non
1251 1346 1286 1407 ut

48 1441 83 1490 10
103 1429 219 1493 ceteris
242 1428 393 1492 barbaris
421 1427 510 1492 rudis
541 1432 574 1492 et
595 1429 780 1495 inconditus
800 1452 912 1495 sensus
931 1433 994 1494 est:
1017 1430 1151 1513 quidam
1171 1453 1286 1496 eorum

103 1516 300 1598 sapientiam
320 1537 446 1601 quoque
466 1538 580 1599 capere
600 1517 761 1602 dicuntur,
780 1522 1076 1602 quantamcumque
1094 1540 1177 1603 gens
1199 1542 1240 1585 oa
1265 1522 1287 1585 't

51 1617 85 1666 11
105 1624 234 1686 semper
258 1608 392 1669 armata.
438 1602 499 1689 sic,
523 1627 605 1689 quae
628 1607 754 1673 locutos
779 1629 849 1672 esse
873 1606 959 1690 apud
977 1627 1087 1695 regem
1105 1611 1286 1688 memoriae

102 1691 270 1775 proditum
295 1696 353 1776 est,
376 1693 553 1758 abhorrent
574 1695 714 1760 forsitan
736 1697 881 1761 moribus
904 1696 1142 1780 liminibusque
1160 1698 1286 1762 nostris

103 1786 136 1845 et
164 1784 313 1865 tempora
341 1786 373 1846 et
400 1783 532 1867 ingenia
559 1784 698 1849 cultiora
721 1784 857 1849 sortitis.
903 1782 967 1848 Sed
989 1788 1026 1848 ut
1048 1785 1156 1867 possit
1179 1787 1286 1851 oratio

103 1891 217 1935 eorum
241 1871 359 1956 sperni,
381 1874 493 1936 tamen
514 1871 595 1936 fides
618 1876 731 1937 nostra
755 1895 820 1938 non
843 1872 952 1937 debet:
975 1894 1085 1956 quare,
1109 1877 1286 1959 utcumque

50 1973 84 2022 12
104 1964 181 2023 sunt
199 1959 331 2043 tradita,
353 1960 542 2043 incorrupta
560 1959 768 2043 perferemus.
808 1961 915 2046 Igitur
933 1983 1033 2025 unum
1052 1983 1091 2025 ex
1109 1961 1163 2026 his
1183 1965 1286 2028 maxi·
1296 1963 1331 2026 34

103 2070 194 2112 mum
221 2051 301 2112 natu
328 2049 472 2112 locutum
504 2049 699 2131 accepimus:
733 2047 780 2114 ‘si
811 2049 844 2114 di
875 2049 1027 2114 habitum
1058 2051 1208 2134 eorporis
1236 2054 1286 2116 tui

105 2136 254 2200 aviditati
283 2136 384 2200 animi
413 2158 526 2219 parem
553 2157 623 2201 esse
651 2138 846 2223 voluissent,
875 2137 963 2202 orbis
992 2141 1024 2202 te
1047 2160 1114 2203 non
1137 2145 1285 2223 caperet:

137 2315 161 2363 6.
196 2325 297 2376 saper
324 2314 432 2376 atres,
459 2310 486 2363 d.
510 2309 528 2366 i.
555 2311 664 2365 utribsrs
717 2311 775 2367 und
798 2311 925 2382 hdufiger
946 2313 988 2367 ua
1007 2312 1096 2366 sehon
1113 2311 1161 2367 bei
1180 2313 1286 2369 Classi-

101 2380 264 2432 e'aeaboates
282 2384 306 2433 ὅ.
328 2385 369 2435 18.
716 2383 799 2449 kern3
820 2381 860 2436 sie
879 2381 950 2450 liegt
967 2383 1040 2437 auch
1057 2383 1153 2437 vorin
1167 2384 1224 2439 den
1238 2385 1285 2440 be-

139 2455 163 2503 1.
183 2451 400 2506 desideravit.
433 2452 489 2505 Der
503 2466 561 2505 aee.
576 2467 599 2505 o.
614 2450 663 2507 inl.
717 2453 843 2507 kannten
867 2453 1086 2522 Verbindungen
1108 2455 1149 2509 sie
1171 2472 1286 2525 quoque,

101 2519 312 2575 wissara.
359 2522 396 2576 So
424 2519 664 2576 senonenses.
717 2525 996 2596 111310ᾳαὶ1131.-
1022 2526 1207 2579 abhorreat
1232 2527 1285 2582 wie

101 2608 127 2658 g.
148 2597 173 2645 4.
193 2598 219 2646 2.
719 2601 743 2650 6.
763 2601 788 2650 2.
809 2598 825 2648 ὅ
850 2594 959 2649 carmen
982 2596 1098 2650 auribus
1124 2597 1284 2653 abhorreas.

139 2668 163 2716 8.
192 2664 341 2729 iunctae,
369 2661 508 2732 gabant,
537 2679 664 2718 zusam-
718 2665 1286 2736 Fremdartigmussteallerdingsdenan

101 2734 345 2802 mengesetat.
395 2733 519 2789 Ebenso:
551 2735 667 2788 ianam
720 2737 908 2791 rhetorisohes
927 2735 1033 2791 Pathos
1052 2737 1110 2791 und
1128 2738 1185 2792 alle
1204 2744 1285 2810 mog·

102 2809 230 2857 nooes8.
251 2810 292 2858 10.
312 2810 338 2858 3.
362 2834 396 2843 -
418 2804 511 2859 Ueber
536 2805 591 2858 den
615 2803 665 2858 inf.
719 2807 814 2861 liohen
833 2806 1018 2862 stilistisohen
1036 2807 1224 2864 Kunstmittel
1237 2827 1285 2880 ge-

105 2873 158 2927 aot.
191 2875 322 2927 amatore
349 2874 396 2928 bei
422 2876 516 2930 tabere
542 2891 564 2929 s.
592 2874 665 2929 Einl.
719 2878 854 2932 wdhnten
880 2878 975 2933 Ohren
1006 2879 1056 2932 der
1082 2879 1286 2949 Zeitgeuossen

105 2948 120 3008 8
136 2948 170 2996 33
186 2959 208 2996 e.
223 2962 250 2997 u.
269 2943 315 2998 die
329 2943 394 2998 hrit.
411 2944 493 2999 Anm.
512 2963 546 2998 nu
560 2951 584 3000 3.
599 2950 624 2999 8.
641 2951 665 2999 ἵ.
720 2949 769 3002 des
783 2947 813 3002 Ο.
833 2948 878 3002 die
895 2949 1089 3004 sahmueklose
1102 2949 1286 3007 Einfaehheit

104 3013 240 3086 Dagegen
258 3020 283 3068 8.
303 3021 327 3068 3.
349 3019 382 3067 10
400 3016 530 3069 nuntiari
546 3015 628 3069 iubet.
720 3018 769 3073 der
787 3018 940 3087 folgenden
958 3020 1035 3074 Reda
1054 3020 1230 3076 ersoheinen.
1250 3055 1283 3062 —

140 3089 166 3139 9.
185 3086 397 3152 defixerant,
415 3085 442 3141 d.
456 3086 474 3140 i.
494 3086 546 3141 diu
563 3085 666 3152 defixos
718 3091 1284 3158 sortitis==nactis,habentibas;eben-

103 3156 255 3223 laeetana
281 3157 337 3227 vgl.
367 3163 391 3212 3.
416 3162 440 3212 3.
468 3164 482 3212 1
506 3158 538 3212 in
564 3161 665 3211 terram
719 3177 751 3216 so
775 3165 800 3215 8.
821 3166 845 3214 1.
865 3166 898 3215 31
925 3163 1024 3216 bestiae
1044 3164 1218 3230 praecipitia
1241 3166 1284 3219 iae

104 3243 156 3282 oro
173 3229 332 3296 demoraret.
366 3228 480 3285 Sowohl
496 3229 529 3283 effa
547 3229 605 3282 loeo
623 3228 665 3282 als
718 3232 800 3302 peada
821 3233 942 3286 sortitos.
984 3233 1047 3302 Vgl.
1071 3233 1117 3288 die
1140 3234 1284 3291 bekannte

104 3299 136 3351 a'a
155 3300 242 3354 locam
257 3301 348 3355 oeulos
362 3301 414 3368 defi
433 3316 546 3356 ereum
560 3298 664 3354 ublieh.
719 3303 876 3357 Redemart
902 3304 1077 3372 provinciam
1107 3306 1285 3361 sortitam

103 3372 228 3438 -pais
246 3371 402 3440 ffirqaiae‘
428 3415 434 3428 .
467 3371 591 3426 Habitus
604 3369 666 3425 hier
719 3390 774 3429 esse
792 3399 826 3420 =
844 3377 957 3428 metam
975 3390 1042 3440 esse,
1060 3375 1165 3429 datm.
1201 3375 1283 3431 Doeh

89 3458 137 3483 τι
151 3440 259 3508 σχῆμα,
275 3441 333 3496 ‘dia
348 3458 436 3511 ganne
445 3441 665 3510 Erseheinung'3
719 3442 758 3499 ist
776 3445 825 3500 der
844 3445 1000 3512 Gehrauoh‚
1019 3445 1074 3499 den
1092 3445 1122 3499 G.
1141 3462 1198 3500 von
1218 3447 1284 3502 dem

101 3509 159 3576 vgl.
188 3509 233 3563 die
261 3510 393 3566 'ahnliehe
417 3514 506 3567 Stella
529 3519 553 3567 6.
578 3517 602 3566 ὅ.
622 3517 665 3567 29.
719 3516 818 3570 Worte
831 3517 936 3582 maoht,
950 3515 1029 3569 kr'ihn
1042 3514 1283 3586 undungewdhu·

101 3608 135 3616 -
150 3593 274 3633 sensae.
299 3579 452 3637 Sohonbei
462 3583 558 3638 Cicero
573 3599 662 3636 sua.
717 3587 782 3641 lieh.
820 3587 847 3642 S.
871 3587 897 3642 d.
921 3586 987 3640 hrit.
1006 3587 1135 3656 Anhang.
1156 3618 1189 3626 -
1216 3605 1283 3642 noa

102 3647 664 3722 Gesinnung,Denkweise,Wesen
717 3658 811 3712 debet
835 3674 872 3712 so.
899 3658 999 3727 sperni.
1051 3657 1108 3711 Der
1136 3656 1205 3712 Sinn
1232 3659 1283 3714 der

102 3719 179 3774 einer
197 3720 309 3776 Person.
397 3785 402 3804 1
717 3728 816 3782 Worte
842 3728 893 3783 ist:
922 3728 995 3782 doeh
1023 3745 1091 3797 mag
1117 3745 1185 3788 man
1207 3730 1283 3784 aueh

139 3797 180 3846 10.
195 3807 312 3860 capere
325 3791 365 3845 im
375 3790 459 3847 Smne
468 3810 524 3863 von
538 3810 664 3863 asparem
717 3797 818 3868 garing
832 3798 942 3853 denhen
954 3814 1010 3852 ron
1023 3799 1100 3853 ihrer
1108 3799 1282 3868 Redeweise,

101 3877 155 3917 esse
173 3881 193 3918 s.
213 3869 238 3918 3.
258 3868 282 3916 ἵ.
303 3869 326 3916 1.
364 3862 434 3918 Eine
453 3863 582 3919 thuliohe
600 3881 662 3919 vor·
717 3869 747 3921 in
769 3867 882 3923 keinem
900 3869 979 3923 Falla
1005 3869 1059 3925 soll
1081 3886 1148 3923 man
1172 3887 1202 3925 es
1225 3888 1282 3926 von

100 3932 662 4004 nehmeWendungbrauchtderSohrift—
718 3938 768 3993 der
780 3939 870 3992 Treue
883 3939 1188 4009 meinerDarstellung.
1215 3941 1281 4010 Vgl.

102 4003 198 4060 stellet
221 4005 251 4058 in
269 4005 364 4074 Beaug
388 4004 438 4059 auf
458 4004 504 4059 die
523 4006 662 4074 sapientia
716 4008 786 4064 uber
812 4009 889 4064 disse
916 4009 982 4077 fides
1005 4010 1054 4065 des
1078 4010 1106 4064 Ο.
1131 4011 1181 4066 das
1205 4011 1280 4066 Einl.

101 4073 151 4128 der
169 4076 251 4130 Inder
270 4082 295 4131 8.
316 4081 402 4131 131.
435 4075 462 4130 S.
481 4077 554 4130 auch
572 4083 597 4130 4.
619 4083 660 4130 13.
716 4080 743 4134 S.
764 4086 781 4134 4
802 4079 931 4149 (lesagte.

4 4162 7 4167 ·
138 4151 180 4201 11.
208 4147 266 4202 Sic
286 4147 384 4202 ‘anter
402 4146 517 4201 solehen
533 4147 661 4202 Umstan·
753 4156 794 4205 12.
814 4152 837 4204 I
839 4152 948 4220 pitter,
973 4152 1188 4222 epanaleptisoh
1206 4153 1280 4207 nach

101 4218 169 4283 den,
197 4218 397 4288 domgemllss’,
425 4217 487 4273 di.
513 4232 575 4272 eam
596 4233 662 4288 qens
716 4220 766 4274 der
793 4221 963 4276 Parenthese
990 4227 1006 4288 θ
1036 4229 1069 4277 10
1092 4241 1120 4277 u.
1145 4228 1192 4291 11,
1226 4224 1280 4278 wie

100 4287 152 4341 illa
166 4304 295 4358 mapsam
308 4289 475 4360 sapientiam
487 4304 546 4344 aon
558 4290 661 4358 capeat.
716 4291 889 4347 anderwarts
905 4293 965 4359 aad,
989 4309 1059 4362 erpo.
1078 4325 1113 4334 -
1132 4295 1281 4350 locutum

99 4356 133 4412 In
151 4357 243 4414 dieser
256 4360 423 4430 Bedeutung
440 4359 528 4415 findet
546 4359 607 4416 siah
620 4361 662 4416 sie
716 4362 789 4418 ohne
812 4364 865 4432 sie,
892 4364 959 4418 leaeo
982 4364 1034 4419 wie
1060 4366 1149 4420 disere
1170 4367 1281 4421 orditur
