2790 4792
146 199 209 263 108
598 195 628 261 o.
648 194 862 250 cussinum

141 384 236 445 quem
260 362 362 425 cernis
385 361 420 423 in
443 360 522 423 meis
547 359 708 440 manibus,
732 380 805 422 cum
826 358 890 422 isto
914 359 1060 441 squalore
1082 357 1314 440 permutandus

141 451 201 514 tibi
234 453 290 513 est.
335 448 440 512 Ablue
471 470 585 531 corpus
613 447 732 510 inluvie
760 447 914 530 tetrisque
942 447 1089 511 sordibus
1120 445 1315 530 squalidum:

142 560 219 623 cape
241 538 327 622 regis
351 537 494 601 animum
517 540 550 600 et
571 537 606 598 in
629 556 699 598 eam
722 535 898 618 fortunam,
921 557 985 618 qua
1008 535 1125 620 dignus
1149 557 1196 617 es,
1218 535 1315 597 istam

142 627 373 692 continentiam
404 626 520 709 perfer.
565 624 612 687 Et
639 645 711 687 cum
738 625 774 687 in
801 625 902 708 regali
927 625 1006 687 solio
1029 623 1196 705 residebis,
1228 623 1314 686 vitae

140 717 289 799 necisque
313 714 457 778 omnium
480 714 596 779 civium
620 713 781 796 dominus,
804 734 879 776 cave
904 713 1102 777 obliviscaris
1126 712 1256 794 babitus,
1279 713 1315 774 in

88 827 122 875 23
142 826 204 887 quo
232 803 349 886 accipis
373 823 522 887 regnum,
551 801 664 884 imme,
693 801 834 885 hercule,
863 805 997 884 propter
1020 799 1134 885 quem'
1181 798 1315 865 Somnio

142 893 255 956 similis
271 914 323 956 res
337 891 566 973 Abdalonymo
581 891 761 954 videbatur:
783 890 953 973 interdum,
977 891 1097 955 satisne
1112 889 1183 953 sani
1198 892 1316 972 essent,

142 982 198 1065 qui
219 983 287 1044 tam
310 983 458 1062 proterve
483 979 544 1043 sibi
567 977 757 1063 inluderent‚
779 979 1038 1063 percontabatur.
1075 975 1137 1042 Sed
1160 981 1197 1041 ut
1220 999 1315 1042 cunc-

119 1064 225 1133 tanti
258 1069 387 1154 squalor
420 1068 547 1132 ablutus
580 1069 629 1130 est
661 1071 693 1131 et
724 1067 842 1131 iniecta
872 1068 971 1131 vestis
1002 1089 1144 1151 purpura
1174 1088 1316 1151 auroque

143 1157 294 1221 distincta
317 1161 349 1221 ct
371 1156 449 1220 fides
473 1179 492 1220 a
514 1157 696 1220 iurantibus
720 1156 819 1239 facta,
851 1155 934 1220 serio
961 1157 1027 1219 iam
1049 1178 1105 1219 rex
1127 1156 1241 1219 iisdem
1265 1176 1316 1218 co-

88 1270 123 1317 24
141 1246 332 1310 mitantibus
355 1245 390 1308 in
413 1245 535 1330 regiam
558 1245 711 1328 pervenit.
744 1244 844 1308 Fama
867 1244 991 1328 deinde,
1013 1248 1050 1308 ut
1072 1245 1163 1327 solet,
1187 1248 1315 1308 strenue

141 1338 212 1398 tota
234 1335 312 1398 urbe
336 1333 493 1397 discurrit.
529 1333 677 1397 Aliorum
701 1333 851 1411 studium,
875 1334 1011 1398 aliorum
1034 1333 1214 1417 indignatio
1239 1333 1315 1395 emi-

142 1423 253 1487 nebat:
277 1422 488 1486 divitissimus
512 1423 644 1506 quisque
667 1423 883 1487 humilitatem
906 1422 1112 1507 inopiamque
1136 1422 1204 1486 eius
1228 1421 1315 1504 apud

89 1535 123 1584 25
145 1512 264 1575 amicos
296 1511 472 1575 Alexandri
505 1510 744 1575 criminabatur.
798 1509 938 1575 Admitti
975 1533 1047 1574 eum
1079 1532 1136 1576 rex
1166 1510 1315 1594 protinus

142 1601 236 1664 iussit
260 1599 376 1684 diuque
400 1601 650 1682 contemplatuS,
680 1597 866 1684 ‘Corporis'‚
895 1600 1014 1684 inquit,
1044 1599 1186 1663 ‘habitus
1209 1598 1315 1662 famae

142 1689 269 1773 generis
298 1710 365 1753 non
392 1692 564 1773 repugnat:
597 1688 653 1752 sed
680 1689 760 1752 libet
787 1689 879 1772 scire,
906 1689 1049 1772 inopiam
1073 1711 1136 1772 qua
1158 1687 1316 1771 patientia

141 1777 292 1841 tuleris?'
339 1776 422 1840 Tum
448 1777 516 1861 ille,
549 1775 715 1860 ‘Utinam'‚
747 1777 867 1861 inquit,
899 1777 1022 1842 ‘eodem
1046 1777 1154 1841 animo
1178 1797 1314 1860 regnum

141 1866 210 1949 pati
232 1866 367 1950 possim!
391 1866 452 1929 hae
476 1887 590 1929 manus
614 1866 766 1930 suffecere
789 1866 945 1931 desiderio
968 1888 1054 1930 meo:
1077 1865 1159 1930 nihil
1181 1865 1316 1929 habenti

88 1979 122 2027 26
141 1955 224 2018 nihil
255 1953 376 2018 defuit?
421 1953 562 2039 Magnae
593 1955 711 2019 indolis
740 1955 901 2038 specimen
929 1977 968 2018 ex
994 1955 1056 2019 hoc
1080 1976 1225 2019 sermone
1248 1953 1315 2017 Ab·

142 2043 308 2126 dalonymi
336 2043 428 2128 cepit.
473 2041 586 2127 Itaque
613 2064 681 2107 non
704 2041 864 2107 Stratonis
892 2044 988 2107 modo
1015 2043 1138 2128 regiam
1161 2042 1314 2125 supellec-

141 2132 231 2194 tilem
255 2131 387 2195 attribui
411 2131 440 2194 ei
463 2131 570 2214 iussit,
599 2131 654 2194 sed
677 2132 829 2216 pleraque
853 2133 950 2196 etiam
973 2154 1012 2196 ex
1034 2131 1163 2196 Persica
1185 2131 1315 2215 praeda,

140 2220 305 2303 regionem
329 2240 454 2305 quoque
478 2219 550 2282 urbi
573 2219 755 2303 adpositam
778 2220 897 2286 dicioni
920 2222 987 2285 eius
1012 2221 1136 2285 adiecit.

178 2382 219 2430 22.
234 2378 269 2428 ia
282 2377 448 2441 munibus,
462 2374 702 2445 ApposzumOb-
755 2378 844 2431 tidem.
865 2408 897 2417 -
917 2379 1061 2432 ablutus.
1098 2375 1315 2432 Ueblicherist:

139 2446 203 2515 jekt
220 2447 274 2500 wie
293 2452 317 2501 3.
339 2452 379 2501 12.
400 2452 415 2500 ὅ
439 2449 551 2516 upaoor't
563 2448 595 2500 ire
613 2449 701 2501 maai-
754 2450 852 2503 ebluor
865 2450 1042 2503 sordibus-
1061 2451 1148 2503 serio
1166 2450 1231 2502 ium
1249 2464 1314 2502 rea.

142 2519 243 2572 bus.-
264 2520 414 2572 comisto
433 2519 701 2587 squalore=cura
754 2519 834 2574 Sinn:
867 2519 980 2574 endlich
1006 2520 1090 2573 selbst
1113 2537 1149 2573 an
1172 2519 1247 2573 scine
1268 2517 1316 2571 Er-

140 2590 270 2656 squalidu
287 2594 355 2642 ceste
373 2594 436 2654 tua,
458 2591 565 2656 paneis
582 2591 645 2643 treis.
666 2619 699 2628 —
752 2591 869 2661 hthung
885 2591 1035 2661 glaubend.

136 2661 386 2728 permutandus.
423 2659 476 2713 Die
502 2659 700 2714 Construktion
790 2695 832 2742 24¹
861 2690 997 2742 mmet
1019 2688 1103 2742 namq·
1123 2689 1223 2754 facem
1257 2687 1315 2740 die,

139 2735 317 2853 <peameca
342 2732 448 2800 aliquid
473 2748 533 2784 ΝΜ
558 2733 654 2800 “blm
671 2749 700 2786 1ss
754 2761 829 2814 serbe
852 2759 958 2829 urupse
983 2759 1055 2812 auca
1077 2758 1123 2812 aer
1146 2757 1315 2813 orassem.

141 2819 255 2925 dilicti
272 2801 700 2927 idtqidiirereseirieieltdiieiliiddli
753 2831 807 2885 Mil
834 2832 965 2913 dimin
991 2829 1049 2912 νει
1071 2829 1155 2899 verg'
1179 2830 1247 2883 ΑΕΒ
1273 2837 1314 2912 ll'

238 2942 245 2954 .
529 2945 534 2955 .
602 2945 634 2956 ..
683 2945 687 2955 .
754 2907 805 2956 469
824 2906 882 2954 tota
899 2902 1066 2955 discurratur
1083 2902 1156 2955 urbe.
1177 2932 1210 2939 —
1239 2918 1315 2954 eme-

140 2942 198 3010 vgl.
213 2942 272 2996 L1v.
288 2949 330 2995 42.
342 2948 393 2996 5.3
413 2948 445 2995 ut
462 2945 567 2997 nullius
581 2949 700 2997 eructatus
753 2973 865 3037 nebat,
884 2972 940 3025 abs.
953 2997 986 3017 =
998 2973 1156 3040 apparebat.
1186 2971 1222 3025 So
1242 2972 1315 3024 auch

141 3015 282 3136 {multam
308 3017 396 3066 secum
422 3017 468 3078 (³
488 3030 547 3067 mm
571 3031 623 3097 tua
644 3015 699 3097 f⁰l⁸
752 3042 799 3096 bei
814 3041 918 3112 Cicero,
937 3043 1036 3097 immer
1053 3043 1107 3097 mit
1124 3043 1189 3096 dem
1205 3042 1315 3096 Neben-

153 3085 493 3152 commentariensem.
514 3115 545 3123 -
570 3087 700 3138 relever
752 3113 855 3183 beglqff
871 3114 919 3167 des

203 3156 382 3210 sordidum.
423 3155 476 3208 Die
502 3155 612 3209 Farben
638 3156 699 3209 sind
753 3187 810 3238 vit·
829 3186 966 3253 quisque
984 3185 1038 3239 di.
1059 3184 1103 3239 die
1118 3183 1241 3238 Reichen
1260 3184 1314 3237 ins.

140 3226 201 3280 hier
220 3228 306 3281 etwas
325 3227 401 3309 statk
420 3226 615 3310 anfgtlmgtn’
634 3228 700 3281 aber
752 3255 904 3310 besondere
942 3257 1041 3309 zumal.
1077 3255 1315 3309 Hinzuzudenken

141 3297 325 3368 Wessdlmssen
347 3315 401 3353 Wle
426 3314 545 3352 mamm
567 3315 598 3351 m
619 3315 699 3366 ma·
752 3325 789 3380 ist
808 3327 852 3380 ein
870 3299 994 3381 mixtae.

141 3369 196 3421 lore
210 3371 247 3422 ad
256 3370 338 3436 pedes
352 3371 471 3423 alicuius
481 3370 601 3423 volutari
610 3368 698 3438 (Cic),
716 3395 719 3401 ·
872 3426 877 3436 ,

141 3455 174 3491 ce
198 3441 322 3507 squalore
346 3442 518 3494 miseriarum
541 3441 578 3494 od
591 3442 698 3508 princi-
784 3429 831 3506 ‚2⁸⁹2
851 3425 945 3490 illel>
975 3424 1014 3477 ‘efl
1032 3424 1165 3507 gelfifllel,
1185 3424 1316 3492 verlaflgl

136 3510 202 3577 pale
229 3511 334 3564 culmen
351 3513 466 3578 provebi
493 3512 606 3580 (Amm.)
637 3511 699 3566 sind
752 3494 849 3577 mlsslff’·
862 3526 895 3534 ··
914 3512 978 3563 ΨΜ
991 3500 1174 3582 Miletum,
1193 3494 1260 3577 {3⁰1st
1273 3495 1314 3548 la·

140 3596 211 3649 ἕω
230 3580 374 3634 qhnlicher
391 3583 451 3636 Art,
479 3581 542 3652 ng
557 3583 698 3637 jnsbeson.
752 3566 887 3648 temrsche
910 3566 999 3620 Kr'irze
1026 3565 1071 3619 fur
1096 3583 1165 3634 quae
1187 3567 1238 3620 ella
1251 3571 1313 3648 pot.

140 3651 205 3704 dere
222 3650 282 3705 Liv.
298 3658 340 3705 21.
355 3658 397 3706 39.
413 3661 428 3705 2
448 3654 536 3706 cultus
549 3671 582 3706 erc
596 3655 700 3709 inluuie
751 3638 849 3719 sm,
868 3654 924 3705 ΕΜ
942 3639 994 3691 etc·
1019 3667 1052 3676 -
1078 3654 1213 3706 requam
1226 3641 1313 3704 patr,

140 3724 251 3791 tubeque
272 3724 408 3791 squalida.
437 3755 470 3762 -
498 3741 578 3792 cape
600 3725 699 3779 ‘nimm
753 3707 918 3791 (119,Ἑῦἓῖ
949 3708 1007 3796 (Ῑῇΐ
1034 3707 1143 3790 Ksqsse
1175 3710 1313 3795 trag-em

140 3794 197 3862 an’,
216 3794 268 3848 wie
289 3793 345 3847 Cic,
359 3793 432 3848 Phil,
447 3801 472 3848 3ο
487 3801 520 3848 29
540 3813 633 3864 capere
648 3815 698 3865 pa.
752 3781 931 3861 due-tuderto,
959 3778 1012 3833 ful*
1038 3796 1147 3833 meme
1170 3779 1314 3832 Bedllrf·

139 3867 224 3919 trium
238 3866 373 3930 animum
384 3866 498 3933 perfer
514 3865 623 3920 ‘nimm
638 3867 699 3922 mit
751 3869 851 3906 mse·

138 3936 304 3991 hinfiber’.
320 3968 353 3978 -—
372 3938 461 3990 vitae
478 3939 629 4006 necisque
648 3940 697 3993 do·
788 3946 829 3994 26.
849 3943 1063 4008 specimen...
1079 3942 1165 4008 cepit
1179 3966 1213 3986 =
1228 3957 1258 3994 er
1273 3957 1314 3994 er-

138 4010 255 4062 minus.
292 4008 400 4062 Ebenso
419 4008 479 4062 Liv.
500 4015 523 4062 2.
544 4016 585 4063 35.
605 4017 632 4075 23
655 4017 697 4064 30.
752 4010 823 4066 hielt
845 4012 899 4065 den
921 4012 1061 4066 Eindruck
1090 4012 1154 4082 (eig.
1174 4011 1219 4065 ein
1238 4011 1312 4078 Bild)

140 4086 180 4133 12.
197 4086 237 4133 12.
250 4111 283 4119 -
301 4080 449 4146 babitus,
468 4081 504 4133 ia
522 4097 583 4149 quo
598 4106 631 4126 =
646 4098 697 4149 quo
752 4083 828 4137 einer
838 4083 1003 4153 erhabenen,
1013 4082 1310 4152 grossenDenlrweise3

138 4150 253 4204 indutus
271 4169 290 4204 s.
301 4150 373 4205 Einl.
388 4157 411 4216 5.
426 4157 460 4205 20
474 4152 556 4204 unter
568 4153 611 4205 ie.
632 4152 696 4220 Vgl.
751 4154 826 4208 sunl.
845 4154 965 4210 braucht
982 4154 1038 4210 Cic.
1057 4156 1126 4208 tusc.
1147 4162 1170 4208 1.
1190 4161 1224 4208 32
1243 4170 1311 4221 spec.

138 4221 209 4274 auch
238 4228 263 4275 3.
287 4229 311 4276 7.
337 4230 350 4274 1
380 4223 524 4288 eeleritate,
553 4227 696 4290 quantum
751 4241 845 4293 capere
863 4242 896 4279 ex
914 4243 950 4279 re.
987 4224 1082 4295 Vergl.
1101 4226 1173 4279 auch
1192 4224 1252 4279 Liv.
1268 4231 1310 4279 28.

137 4290 197 4344 Liv.
218 4298 241 4344 2.
262 4298 304 4346 32.
324 4298 339 4346 9
358 4298 487 4362 tempore,
506 4308 565 4360 quo.
751 4301 792 4350 35.
806 4303 837 4348 12
856 4297 987 4364 specimen
1005 4299 1094 4350 animi
1102 4314 1174 4365 pree
1186 4312 1213 4350 se
1226 4297 1313 4363 ferra

173 4369 215 4416 2³.
234 4364 399 4418 interdurn
416 4363 478 4418 hier
495 4363 552 4417 fast
569 4387 603 4408 =
621 4365 695 4418 iden-
750 4366 878 4421 ebesdas.
897 4373 939 4421 28.
960 4373 1001 4420 21.
1021 4374 1036 4423 3
1063 4368 1100 4422 ad
1117 4369 1251 4436 specimen
1268 4369 1311 4421 ire

936 3114 1180 3168 Hervorstechens.
1201 3145 1233 3152 —
1263 3115 1314 3167 di-
