2790 4792
296 222 553 276 HISTORIARUM
571 222 787 278 ALEXANDRI
805 222 884 292 VIII,
905 229 945 279 12.
967 230 1008 278 13.
1173 224 1237 288 155

59 385 122 450 fide
146 386 359 449 remittuntur
382 384 422 448 ad
445 405 564 469 regem.
609 384 730 449 Porum
754 406 881 469 quoque
905 384 1047 450 nominis
1072 386 1122 449 sui
1149 386 1272 456 samaa

58 476 149 537 ratus
175 474 215 537 ad
239 473 436 537 deditionem
459 493 555 555 posse
580 473 736 556 conpelli,
761 473 852 537 misit
872 473 914 537 ad
937 494 1010 537 eum
1031 471 1239 559 Cleocharen,

60 562 116 645 qui
134 561 342 626 denuntiaret
360 561 403 643 ei,
425 563 463 623 ut
481 560 679 643 stipendium
701 561 855 645 penderet
874 561 959 626 etin
979 562 1086 645 primo
1107 584 1239 628 suorum

58 651 173 714 finium
197 650 287 714 aditu
311 652 494 714 occurreret
520 649 599 733 regi.
645 649 748 713 Porus
772 651 912 714 alterum
935 673 974 715 ex
1001 651 1053 714 his
1077 651 1239 716 facturum

59 761 130 803 sese
158 737 342 822 respondit,
372 741 409 801 ut
436 737 574 801 intranti
601 759 737 822 reguum
767 760 860 803 suum
888 742 1019 822 praesto
1050 744 1150 824 esset,
1184 740 1240 804 sed

59 832 213 892 armatae.
258 826 327 890 Iam
351 824 531 909 Hydaspen
555 822 740 891 Alexander
764 848 915 911 superare
939 828 1139 914 decreverat,
1165 849 1273 896 cuma

59 916 269 999 Barzaentes,
298 913 490 979 defectionis
514 913 704 979 Arachosiis
728 919 855 999 auctor,
887 915 1013 980 vinctus
1036 916 1240 1000 trigintaque

60 1004 227 1088 elephanti
247 1002 343 1067 simul
363 1002 451 1085 capti
472 1002 705 1087 perducuntur,
729 1007 948 1087 opportunum
967 1004 1120 1069 adversus
1138 1004 1237 1069 Indos

60 1093 230 1176 auxilium,
264 1094 383 1175 quippe
415 1090 489 1173 plus
521 1091 556 1154 in
585 1091 691 1155 beluis
729 1114 827 1176 quam
859 1092 894 1156 in
928 1095 1072 1157 exercitu
1103 1095 1173 1176 spei
1201 1115 1238 1158 ac

59 1183 178 1245 virium
210 1181 277 1244 illis
306 1182 384 1244 erat.
436 1175 594 1243 Samaxus
627 1202 767 1265 quoque,
799 1201 856 1245 rex
886 1181 1021 1265 exiguae
1053 1182 1156 1265 partis
1187 1182 1276 1250 ln·4

61 1269 189 1352 dorum,
221 1269 277 1353 qui
304 1267 478 1333 Barzaenti
511 1289 545 1331 se
574 1269 802 1353 coniunxerat,
834 1268 961 1333 vinctus
991 1269 1147 1334 adductus
1181 1275 1240 1336 est.

60 1359 165 1442 Igitur
197 1357 370 1440 transfuga
403 1360 435 1420 et
467 1355 580 1440 regulo
613 1357 648 1420 in
681 1357 874 1440 custodiam,
911 1358 1095 1441 elephantis
1128 1363 1273 1427 autema

60 1446 167 1510 Taxili
185 1445 315 1510 traditis
335 1445 375 1508 ad
395 1466 522 1508 amnem
540 1443 719 1529 Hydaspen
736 1445 898 1530 pervenit,
919 1447 955 1509 in
973 1447 1063 1511 cuius
1083 1448 1238 1513 ulteriore

58 1537 131 1619 ripa
150 1534 255 1599 Porus
274 1533 464 1599 consederat
487 1533 629 1598 transitu
648 1535 872 1618 prohibiturus
891 1534 1030 1600 hostem.
1069 1554 1187 1602 cnxxx
1206 1540 1239 1600 et
1258 1556 1274 1604 6

59 1644 81 1687 v
106 1623 298 1707 elephantos
328 1622 491 1687 obiecerat
518 1622 636 1686 eximio
666 1645 838 1706 corporum
865 1623 981 1688 robore
1010 1624 1160 1709 ultraque
1184 1647 1239 1690 eos

60 1734 173 1777 currus
193 1729 256 1777 000
276 1714 308 1775 01
330 1711 475 1794 peditum
494 1728 568 1774 xxx
591 1711 658 1774 fere
678 1711 784 1792 milia,
807 1711 842 1774 in
862 1710 934 1794 quis
954 1716 1048 1775 erant
1067 1713 1241 1798 sagittarii,

60 1799 157 1865 sicuti
181 1804 255 1865 ante
279 1799 401 1864 dictum
426 1802 488 1877 est,
512 1799 715 1884 gravioribus
738 1798 830 1881 telis,
854 1821 951 1883 quam
976 1803 1014 1862 ut
1036 1805 1112 1883 apte
1135 1802 1241 1865 excuti

60 1892 204 1973 possent.
243 1889 355 1972 Ipsum
378 1888 519 1952 vehebat
542 1888 733 1971 elephantus
760 1909 856 1971 super
879 1891 1002 1952 ceteras
1025 1888 1140 1953 beluas
1164 1890 1276 1958 emit

60 1999 140 2041 nens
165 1997 318 2060 armaque
346 1998 424 2041 auro
449 1979 482 2041 et
510 1980 645 2062 argento
674 1977 827 2041 distincta
850 1997 967 2059 corpus
995 1997 1089 2041 rarae
1117 1977 1241 2062 magni-

61 2065 184 2130 tudinis
212 2065 441 2129 honestabant.
487 2063 552 2128 Par
580 2066 708 2129 animus
738 2064 850 2130 robori
877 2064 1021 2147 corporis
1045 2069 1090 2149 et,
1118 2070 1241 2149 quanta

10 2157 51 2222 45
62 2155 148 2218 inter
166 2155 262 2218 rudes
285 2156 416 2237 poterat
438 2174 523 2236 esse,
548 2153 716 2237 sapientia.
754 2151 947 2217 Macedonas
965 2175 1032 2216 non
1050 2158 1240 2237 conspectus
1260 2176 1276 2224 8

61 2243 208 2307 hostium
236 2243 354 2323 solum,
387 2241 444 2306 sed
472 2242 571 2305 etiam
600 2242 757 2322 fluminis,
789 2242 875 2326 quod
902 2242 1134 2306 transeundum
1163 2247 1242 2327 erat,
1289 2256 1291 2259 ’

61 2331 253 2416 magnitudo
282 2330 434 2395 terrebat.
486 2347 540 2394 1111
567 2330 601 2394 iu
629 2330 836 2395 latitudinem
869 2329 975 2393 stadia
1007 2328 1141 2395 diffusus
1169 2353 1241 2415 pro-

62 2419 163 2484 fundo
192 2419 284 2484 alveo
313 2422 345 2484 et
367 2440 528 2502 nusquam
557 2418 640 2483 vada
669 2419 832 2502 aperiente
861 2419 1000 2501 speciem
1028 2420 1114 2483 vasti
1142 2421 1241 2484 maris

62 2509 193 2573 fecerat.
238 2507 308 2572 Nec
335 2528 395 2590 pro
420 2506 527 2589 spatio
552 2528 709 2591 aquarum
739 2508 806 2571 late
835 2507 1059 2590 stagnantium
1083 2508 1275 2591 impetume

63 2597 248 2679 coercebat,
267 2595 323 2660 sed
344 2596 436 2678 quasi
455 2596 488 2659 in
507 2599 615 2659 artum
634 2595 825 2660 coeuntibus
846 2595 926 2678 ripis
945 2598 1072 2660 torrens
1092 2599 1126 2661 et
1143 2596 1241 2661 elisus

99 2760 124 2806 2.
154 2754 190 2806 iu
221 2753 330 2820 prt'mo
362 2751 468 2806 aditu.
516 2749 628 2820 Analog
682 2751 796 2820 spielen‚
807 2750 879 2805 doch
889 2750 928 2805 iat
936 2751 1008 2805 auch
1018 2750 1063 2806 dte
1071 2751 1243 2822 Auffassung

63 2823 127 2876 sind
144 2823 269 2877 Phrasen
287 2822 340 2877 wie
359 2822 503 2889 lupriolo
526 2822 627 2890 produ,
682 2819 1241 2891 010001.000000010001300000101.

63 2894 165 2948 100000.
177 2926 210 2934 -
224 2895 379 2959 alterum,
399 2891 461 2947 ‘das
475 2892 625 2946 Letztere’.
682 2898 697 2958 5
717 2897 751 2946 30
770 2907 793 2946 0.

64 2996 98 3004 -
113 2969 225 3033 praesto
244 2980 310 3030 ease,
336 2964 441 3019 seltner
458 2963 628 3031 praestolari
718 2969 741 3018 7.
760 2977 860 3031 super
884 2967 939 3017 cet.
962 2963 1078 3018 beluas
1101 2963 1196 3019 0104.
1217 2971 1242 3021 4.

64 3037 164 3100 alicui,
183 3052 241 3090 war
259 3036 279 3089 t.
300 3037 322 3088 t.
346 3035 391 3089 fiir
414 3034 464 3089 dae
483 3034 627 3088 Ilrwarten
682 3040 698 3088 3
724 3049 806 3102 super
827 3035 902 3102 specs
924 3035 1026 3101 fluctus
1048 3036 1174 3091 antaeus.
1210 3037 1243 3090 In

64 3104 627 3174 einerPersonzumBehufehrerbietiger
681 3104 821 3174 gleichem
851 3103 935 3158 Sinna
966 3103 1005 3158 ist
1036 3106 1109 3160 00100
1141 3111 1242 3161 aeterra

63 3176 253 3247 Begrr'issung.
290 3176 358 3231 Hier
376 3175 508 3231 ironisch.
682 3176 799 3230 emiueus
817 3174 1079 3243 gebrauchtunten
1095 3180 1192 3230 14.13.
1209 3208 1242 3216 -

101 3254 125 3302 3.
149 3248 366 3303 Baraaeates.
411 3246 505 3302 Ueber
531 3247 625 3300 ihna
681 3245 915 3301 honestabunt.
952 3245 1185 3314 Vgtdiehnm.
1209 3265 1242 3301 zu

65 3320 139 3373 oben
162 3325 186 3372 6.
211 3325 235 3373 6.
260 3325 303 3374 36.
322 3349 356 3358 -
375 3318 628 3386 perducuntur,
682 3319 809 3382 8.3.13;
829 3314 915 3384 desgl.
936 3322 960 3370 6.
980 3321 1005 3369 0.
1026 3321 1049 3370 6.
1066 3346 1099 3356 -
1115 3323 1243 3385 quauta

64 3389 132 3444 d.h.
148 3390 259 3444 werden
273 3388 488 3458 vorgefuhrt.
515 3387 627 3442 ilbenso
681 3387 770 3440 10100
792 3387 892 3440 rudes
910 3391 1048 3454 poterat
1072 3403 1147 3444 0000.
1190 3388 1243 3442 Zur

64 3461 137 3515 ohne
155 3461 271 3528 Angabe
291 3460 340 3515 des
354 3459 461 3513 Woher
480 3458 548 3513 oder
561 3456 628 3511 Wo-
682 3454 773 3510 Sache
786 3456 843 3525 vgl.
861 3456 906 3511 die
921 3456 1051 3511 thnliohe
1065 3458 1243 3530 Aeusserung

63 3531 114 3586 hin
128 3537 152 3586 3.
168 3537 193 3585 3.
208 3538 238 3598 43
254 3538 279 3586 ’1.
295 3537 319 3584 1.
334 3536 477 3585 30-οσ
494 3529 626 3584 uirium.
681 3527 751 3582 0000
775 3526 820 3581 die
844 3525 967 3594 Scythen
994 3528 1066 3582 oben
1094 3534 1118 3584 7.
1147 3535 1171 3584 8.
1200 3536 1241 3584 10.

65 3603 146 3656 Sinn:
188 3602 246 3656 und
286 3600 487 3657 wirklicher
522 3599 626 3667 Macht,
682 3596 793 3654 Curtius
816 3597 896 3651 httte
924 3597 997 3652 auch
1019 3598 1095 3654 bloss
1116 3605 1149 3654 01
1170 3602 1243 3656 iuter

63 3673 309 3743 Ueberlegenheit.
681 3671 762 3724 rudes
781 3666 927 3723 schreiben
950 3667 1075 3737 ktnnen,
1098 3669 1152 3724 wie
1170 3671 1243 3726 oben

100 3750 125 3798 4.
146 3743 319 3799 Samaeos.
353 3743 437 3800 Sonat
454 3742 627 3797 unbekannt.
682 3748 706 3796 3.
727 3747 750 3794 0.
772 3739 1126 3807 601101000100000100.
1264 3766 1267 3771 ·

101 3821 125 3869 6.
164 3816 366 3884 elephantos.
423 3812 537 3882 Arrian,
574 3811 629 3866 mit
718 3816 743 3867 8.
772 3811 954 3879 aperiente.
1000 3809 1139 3864 Aehnlioh
1166 3817 1190 3864 4.
1217 3817 1241 3867 9.

65 3887 166 3940 dessen
189 3886 325 3954 Angaben
348 3883 394 3939 die
417 3883 466 3938 des
490 3882 563 3938 Cart.
587 3883 628 3937 im
682 3888 715 3936 21
736 3882 828 3936 amnis
845 3882 935 3950 aperit
957 3880 1065 3935 eadum.
1084 3910 1120 3920 -
1141 3882 1242 3948 fecerat

65 3956 208 4025 Uebrigen
231 3954 492 4023 ubereinstimmen,
520 3952 628 4023 spricht
683 3953 709 4007 d.
728 3952 756 4008 h.
775 3950 952 4022 anfanglich,
977 3949 1053 4007 beim
1077 3953 1169 4006 ersten
1186 3953 1241 4006 An-

66 4044 123 4082 von
147 4032 199 4081 200
221 4026 460 4096 10Ιο0000000.-
487 4025 563 4079 ultra
590 4023 629 4078 ist
681 4022 758 4079 bliclx
780 4022 861 4078 hatte
884 4023 934 4077 der
955 4022 1036 4078 Fluss
1059 4021 1154 4077 diesen
1177 4022 1242 4077 Ein-

66 4097 129 4152 hier
147 4095 273 4152 offenbar
290 4097 420 4164 hinter;
444 4095 501 4164 vgl.
519 4095 581 4147 Am.
602 4098 626 4147 0.
681 4093 770 4148 druok
789 4093 841 4148 auf
857 4093 897 4149 sie
915 4094 1056 4162 gemacht.
1295 4150 1298 4155 ,

68 4174 109 4222 15.
130 4165 543 4236 4.-0000000100000110.
574 4165 628 4219 Zur
717 4169 741 4218 0.
768 4165 1017 4232 stagnantium,
1046 4163 1242 4234 hyperboliseh

66 4239 156 4294 Sache
182 4256 202 4294 a
232 4246 256 4295 0.
284 4244 327 4295 28.
370 4237 424 4293 Die
445 4235 627 4291 Ablativcon·
680 4233 726 4288 100
739 4235 896 4302 effusarum.
928 4235 1243 4305 11310017οω000οι
1296 4258 1299 4267 ·

65 4309 208 4367 strulrtion
238 4309 277 4364 ist
303 4328 337 4364 zu
365 4305 544 4379 vergleichen
575 4304 628 4360 mit
676 4305 821 4374 placidius
843 4309 961 4374 0000001.
984 4335 1017 4345 -
1040 4308 1158 4373 elisua,
1182 4305 1244 4360 hier

66 4383 120 4437 den
139 4381 212 4436 Einl.
233 4385 248 4446 5
267 4387 301 4436 30
321 4397 336 4436 0
360 4378 546 4449 angeffihrten
564 4375 626 4431 Bei·
681 4374 757 4431 wohl
784 4374 1092 4444 fibersohtumend,
1105 4431 1109 4439 ,
1124 4394 1162 4432 en
1188 4374 1217 4452 d·
