2790 4792
163 213 217 277 20-
613 216 645 282 Q.
665 215 777 272 cuam
794 215 881 273 RUFI

107 399 140 450 le
158 381 317 462 perpetua
340 400 437 462 saepe
459 377 522 442 iter
544 378 687 445 cludunt.
732 379 807 446 Una
829 380 915 446 ratio
936 379 1006 444 erat
1028 379 1189 445 caedendo
1213 381 1341 463 aperire

158 467 292 551 saltum,
319 467 376 532 sed
402 465 465 531 hcc
494 488 620 552 quoque
648 469 760 555 magni
788 469 905 552 operis.
952 466 1066 534 Crebri
1092 489 1234 553 namque
1261 469 1341 534 nodi

158 555 355 621 duraverant
379 555 508 640 stipites
537 559 570 620 et
597 556 632 621 in
658 578 692 621 se
715 557 865 640 inplicati
889 558 1043 622 arborum
1065 557 1150 622 rami
1173 558 1338 640 suspensis

106 668 137 717 11
157 644 285 710 circulis
305 644 427 710 similes
445 645 534 709 lente
553 644 673 710 vimine
691 644 936 711 frustrabantur
949 645 1042 711 ictus.
1079 644 1211 710 Incolae
1226 649 1337 711 autem

156 733 223 799 ritu
255 734 398 799 ferarum
428 732 575 819 virgulta
607 734 717 799 subire
750 734 839 808 saliti
872 737 943 799 tum
975 755 1103 819 quoque
1135 735 1338 799 intraverant

156 822 277 887 saltum
305 820 505 906 occultisque
532 821 608 886 telis
635 821 766 888 hostem
793 822 1007 888 lacessebant
1056 821 1117 886 Ille
1131 823 1337 888 ¹venantium
1350 824 1386 889 11

156 910 252 976 modo
276 910 417 975 latibula
442 913 608 974 scrutatus
631 911 803 996 plerosque
826 911 981 977 confodit
1027 910 1079 976 Ad
1101 911 1253 976 ultimum
1278 912 1337 976 cir-

156 1000 278 1064 cumire
295 1019 351 1064 rea
370 998 491 1063 saltum
505 998 628 1064 milites
643 999 744 1083 iubet,
761 1003 807 1083 ut,
826 1000 855 1064 si
869 1021 935 1085 qua
947 1002 1084 1084 pateret,
1101 999 1336 1083 inrumperent

12 1138 15 1144 ,
103 1103 137 1153 18
157 1086 219 1154 Sed
242 1087 365 1172 ignotis
388 1087 468 1152 locis
492 1086 638 1176 plerique
657 1087 864 1172 oberrabant,
888 1088 1078 1172 exceptique
1097 1092 1174 1152 sunt
1193 1088 1336 1172 quidam,

155 1178 241 1242 inter
264 1197 345 1262 quos
370 1197 472 1260 equus
491 1175 578 1260 regis
600 1211 637 1224 -
659 1175 883 1262 Bucephalam
900 1176 1121 1242 vocabant-
1143 1198 1241 1261 quem
1260 1176 1336 1261 Ales

154 1266 276 1332 xander
311 1285 378 1330 non
414 1263 527 1329 ecdem
559 1285 624 1347 quo
657 1268 782 1331 ceteras
815 1263 954 1349 pecudes
986 1265 1096 1330 animo
1128 1265 1335 1331 aestimabat

154 1354 305 1439 Namque
333 1352 390 1417 ille
419 1373 480 1417 nec
506 1353 544 1417 in
572 1353 669 1418 dorso
696 1353 845 1420 insidere
866 1375 924 1419 suo
951 1353 1139 1437 patiebatur
1171 1353 1273 1419 alium
1302 1358 1336 1418 et

154 1463 275 1528 regem,
297 1462 372 1505 cum
394 1441 495 1520 vellet
517 1441 698 1526 ascendere,
720 1445 835 1526 sponte
858 1446 964 1528 genua
982 1441 1178 1506 submittens
1195 1443 1335 1526 excipie-

103 1545 136 1594 19
155 1531 213 1596 bat
237 1528 490 1614 credebaturque
514 1529 649 1613 sentire,
672 1525 768 1614 quem
790 1529 932 1596 veheret
976 1529 1101 1595 Maiore
1124 1551 1213 1615 ergo,
1236 1553 1336 1615 quam

155 1619 300 1702 decebat,
322 1618 372 1682 ira
395 1617 555 1683 simulac
579 1616 689 1683 dolore
712 1619 899 1685 stimulatus
913 1641 1042 1703 :equum
1064 1619 1222 1703 vestigari
1241 1620 1334 1684 iubet

88 1712 89 1715 ’
155 1712 188 1773 11
209 1729 268 1792 per
290 1707 502 1790 interpretem
524 1706 744 1791 pronuntiari,
766 1708 801 1773 ni
822 1707 1053 1791 reddidissent,
1075 1709 1240 1772 neminem
1263 1731 1336 1772 esse

153 1796 325 1861 victurum.
369 1794 441 1860 Hac
463 1795 708 1861 denuntiatione
731 1795 840 1861 territi
861 1817 936 1860 cum
959 1797 1075 1860 ceteris
1098 1795 1192 1861 donis
1216 1818 1336 1881 equum

102 1899 137 1950 20
155 1885 326 1950 adducunt
372 1881 436 1948 Sed
458 1905 499 1948 ne
522 1880 720 1967 sicquidem
743 1883 915 1968 mitigatus
938 1884 1030 1950 caedi
1048 1883 1147 1949 silvas
1171 1884 1264 1949 iubet
1283 1885 1336 1950 ad-

154 1978 312 2059 gestaque
334 1971 434 2036 humc
458 1993 476 2036 e
499 1972 666 2036 montibus
689 1971 861 2056 planitiem
878 1973 979 2038 ramis
997 1972 1177 2056 inpeditam
1196 1994 1336 2059 exagge-

102 2077 135 2125 11
155 2063 231 2129 rari.
275 2059 347 2127 Iam
360 2062 405 2147 ,ia
428 2058 632 2145 aliquantum
653 2059 839 2126 altitudinis
867 2082 948 2144 opus
967 2063 1131 2144 creverat,
1146 2081 1233 2127 cum
1262 2063 1336 2126 bar-

153 2152 240 2234 bari,
270 2150 441 2233 desperato
467 2148 649 2233 regionem,
676 2149 775 2233 quani
798 2152 1056 2233 occupaverant.
1071 2170 1167 2233 posse
1189 2151 1336 2234 retineri,

154 2242 287 2326 gentem
306 2253 399 2302 suam
417 2235 576 2301 dedidere.
611 2235 681 2301 Rex
700 2233 1029 2320 obsidibusacceptie
1042 2236 1201 2304 Phradati
1218 2261 1335 2322 parere

153 2351 208 2395 ecs
231 2325 338 2392 iussit
605 2324 625 2350 ⁵
821 2348 822 2351 ¹
935 2329 937 2335 '
1009 2353 1011 2358 ·
1050 2355 1052 2358 >
1120 2341 1122 2343 ’
1255 2338 1257 2342 ’

101 2432 135 2481 aa
243 2415 323 2480 Inde
347 2415 462 2498 quinto
485 2412 538 2477 die
560 2413 596 2477 in
619 2414 740 2479 stativa
765 2413 950 2479 revertitur.
996 2408 1195 2479 Artabazum
1219 2412 1335 2480 deinde
1348 2418 1384 2482 18

154 2506 321 2592 geminato
344 2502 482 2585 honore,
510 2523 607 2586 quem
629 2500 756 2567 Dareus
778 2501 940 2567 babuerat
961 2502 1004 2585 ei,
1029 2501 1169 2566 remittit
1191 2503 1335 2568 domum.

151 2595 222 2660 Iam
254 2593 295 2658 ad
322 2592 437 2657 urbem
464 2589 665 2675 Hyrcaniae,
696 2591 823 2674 inqua
850 2590 942 2674 regia
968 2587 1068 2654 Darei
1095 2589 1171 2673 fuit,
1201 2595 1335 2657 ventum

189 2759 231 2807 16.
257 2749 392 2820 aperire
414 2746 460 2801 fiir
477 2747 635 2815 apericadi;
656 2763 716 2801 aaa
769 2747 825 2801 ben
842 2745 906 2800 hier
928 2745 1104 2801 adversative
1122 2745 1213 2802 Kraft.
1252 2748 1336 2803 Soet

153 2824 228 2878 ratio
246 2821 285 2875 iet
297 2819 360 2874 hier
372 2817 503 2873 aiemlich
517 2817 714 2886 gleichbedeu·
771 2859 776 2871 .
792 2858 798 2871 .
814 2822 839 2872 ct
858 2821 900 2871 10.
915 2822 940 2870 9.
956 2821 980 2870 1.
1000 2847 1034 2856 -
1054 2821 1173 2885 apoatc
1191 2818 1266 2873 ohne
1281 2835 1336 2874 aaa

152 2893 221 2950 tend
236 2891 289 2945 mit
301 2889 491 2944 macenariam.
507 2917 541 2928 -
560 2888 597 2941 ia
613 2903 646 2942 11
663 2906 716 2941 un·
754 2887 807 2943 'iet
824 2889 899 2956 poet
919 2905 945 2942 u.
965 2887 1181 2943 naahclassiech.

152 2979 246 3035 genau
263 2959 310 3015 fiir
327 2960 399 3014 iuter
416 2975 451 3015 11.
483 2956 623 3012 Aehnlich
637 2975 717 3013 arma
806 2964 850 3012 19.
882 2958 1062 3023 uicturam,
1094 2958 1204 3013 werde
1233 2960 1336 3015 leben

152 3038 184 3090 ia
201 3050 228 3089 ae
246 3035 391 3098 uerterant,
411 3028 438 3083 d.
451 3029 479 3082 h.
494 3043 603 3099 gagen
620 3028 716 3084 einan-
769 3028 917 3083 bleibcn.
937 3058 969 3067 —-
989 3045 1061 3084 cam
1078 3031 1199 3084 ceteris
1222 3031 1336 3098 donis,

153 3105 202 3161 der
229 3102 363 3176 patebit,
391 3099 458 3155 Tae.
482 3115 546 3154 ann.
570 3104 596 3154 2.
619 3105 662 3153 44.
682 3130 716 3140 —
770 3099 797 3153 d.
823 3099 850 3152 1.
877 3099 970 3153 naban
996 3099 1052 3154 den
1076 3100 1237 3155 aueeerdem
1259 3103 1336 3156 nach

153 3179 242 3233 leuto
268 3174 395 3230 rimiae
415 3169 462 3226 fur
489 3170 652 3226 lentitudine
675 3171 715 3225 ci-
769 3169 1334 3239 111111113111111111(1111111111.

133 3250 251 3314 .miaia;
269 3245 350 3300 Sina:
364 3243 394 3298 in
407 3242 495 3313 Fulge
510 3241 559 3295 der
573 3239 716 3311 Bicgsam·
769 3239 823 3295 Die
845 3239 1047 3296 Oomtruktieu
1071 3240 1196 3296 erinuert
1218 3259 1256 3298 an
1279 3243 1336 3297 den

152 3319 222 3388 hait,
241 3317 291 3372 des
305 3315 395 3382 athen
408 3312 653 3368 Zusammenhalts
667 3311 716 3366 des
769 3311 932 3366 1111111111
950 3310 1122 3366 Grtcismua:
1150 3308 1181 3366 οἱ
1200 3307 1265 3367 ὄνοι
1284 3316 1336 3368 καὶ

152 3389 304 3444 Aetwerlrs.
330 3381 716 3440 DieeinbauendeAxtfand
770 3379 800 3437 al
824 3378 904 3437 ἄλλοι
929 3381 1022 3450 ἵπποι,
1049 3381 1087 3436 da
1108 3381 1158 3436 der
1180 3383 1334 3454 aurdckge·

151 3461 255 3517 keinen
272 3455 462 3513 Wideratand.
668 3453 670 3456 ⁴
769 3453 887 3508 brachie
905 3453 1083 3522 Bucephalas
1106 3452 1179 3508 doch
1201 3454 1282 3509 nicht
1299 3474 1336 3511 zu

189 3537 231 3588 11.
245 3529 400 3600 uirpalta
413 3525 716 3597 subtraganabuah-
770 3524 826 3579 deu
842 3522 1027 3578 Geschenken
1049 3523 1203 3594 gerachnet
1220 3525 1335 3582 werden

152 3601 288 3657 etablich:
319 3599 403 3653 anter
426 3599 512 3667 jenen
538 3595 716 3651 natfirlichen
769 3595 884 3654 uonna.

152 3673 268 3729 Verhau
285 3669 462 3725 kriechen.
805 3671 848 3720 20.
867 3666 1071 3734 aaappcrara'
1089 3665 1142 3721 wie
1161 3671 1187 3720 4.
1207 3672 1335 3722 2.1e=

189 3749 231 3800 18.
253 3740 471 3807 oberrabant,
489 3740 565 3808 poet.
583 3756 611 3793 u.
630 3737 715 3793 nach-
770 3752 867 3806 appara
884 3737 996 3805 captari.

152 3816 243 3884 alasa,
261 3832 282 3868 s.
302 3818 327 3867 3.
348 3817 373 3865 4.
394 3816 436 3865 12.
456 3840 490 3850 -
508 3811 598 3865 iuter
621 3824 716 3879 qaue,
805 3812 849 3862 21.
877 3807 1065 3876 desperato,
1089 3823 1110 3860 e.
1133 3806 1207 3862 Einl.
1227 3813 1243 3873 ξ
1264 3815 1298 3864 36
1319 3826 1335 3864 1

152 3887 254 3942 ebeneo
282 3883 349 3938 nair
374 3878 536 3951 nachltesig
560 3879 717 3949 gebraucbt
769 3876 853 3932 Anni.
872 3908 907 3918 -
927 3877 1099 3932 Phradati
1117 3895 1138 3931 s
1157 3882 1183 3932 4.
1203 3885 1247 3934 25.

151 3956 204 4013 aie
219 3964 244 4012 3.
263 3961 303 4010 11.
320 3959 362 4009 10.
395 3950 496 4006 Arrian
513 3950 716 4006 1111111111-
806 3954 849 4003 21.
865 3949 903 4004 ia
915 3950 1058 4016 statiua,
1071 3949 1145 4003 nach
1159 3949 1335 4018 Hyrkauien,

151 4028 209 4083 lich
219 4026 343 4082 dieselbe
353 4021 523 4080 Geeabichte
532 4024 567 4092 (e.
580 4023 633 4090 19),
647 4022 716 4075 aber
770 4035 813 4074 we
823 4019 869 4073 die
878 4020 1071 4089 inpedimenta
1080 4019 1336 4089 auruchgablieben

152 4100 227 4161 ltaet¹
240 4098 281 4152 sie
299 4097 339 4151 im
358 4092 477 4150 Gabiete
494 4091 546 4146 der
558 4091 624 4145 Uxii
642 4091 715 4160 spie·
769 4094 900 4161 waren&
912 4091 1187 4165 11).-9111111111
1202 4117 1236 4136 ==
1251 4093 1335 4147 etiam

150 4170 221 4236 len3*
234 4168 363 4238 dagegen
385 4165 517 4220 stimma
534 4161 715 4217 Diodcrund
770 4167 858 4218 aactc.
890 4160 981 4216 .Nach
1002 4160 1065 4214 Art.
1093 4160 1201 4216 behielt
1228 4179 1258 4216 ar
1282 4161 1334 4217 ihu

152 4238 287 4294 Plutarch
304 4238 335 4292 in
348 4234 456 4291 Betreff
467 4233 517 4288 der
530 4230 718 4288 Oertlichkeit
768 4233 816 4288 bei
833 4231 903 4300 siah,
920 4231 1134 4300 dbertrug-ibm
1148 4232 1334 4289 verschiedne

71 4315 81 4352 'a
144 4307 203 4361 mic
229 4307 305 4362 Cart
336 4304 459 4362 dberein
491 4333 525 4344 -
552 4317 635 4358 aaa.
656 4342 662 4356 .
686 4308 716 4358 ct
768 4301 1130 4372 wichtigecommiesiouen
1138 4302 1334 4360 undeutband

132 4391 252 4444 restem.
279 4377 337 4434 Die
353 4373 656 4450 Oopulativpartikeln
666 4373 718 4431 ba·
769 4373 822 4430 ibn
838 4374 896 4430 erat
910 4374 1005 4443 aeaut
1023 4373 1075 4428 auf
1090 4373 1151 4430 sein
1167 4374 1265 4430 Bitten
1282 4375 1334 4429 der
