2790 4792
334 216 590 273 HISTORIARUM
606 215 823 275 ALEXANDRI
840 218 928 288 Vllll,
947 224 972 275 3.
991 224 1016 274 3.
1210 219 1274 286 175

101 380 199 467 paulo
223 383 299 445 ante
321 379 388 446 ridi
410 380 683 466 contendentium,
706 381 763 466 qui
778 381 987 464 potissimum
1005 384 1169 449 vulnerati
1186 384 1273 468 regis
1296 459 1302 467 ,

102 491 219 554 eorpus
244 469 449 553 exciperent?
477 469 637 554 desertus,
660 469 834 536 destitutus
857 492 943 552 sum,
965 471 1116 538 hostibus
1140 472 1275 539 deditus.

103 557 166 624 Sed
194 559 282 624 solus
310 578 436 642 quoquc
463 558 512 623 ire
538 558 763 643 perseverabo.
808 557 934 626 Obicite
957 582 1009 626 me
1032 561 1274 627 fluminibuset
1260 567 1327 627 333

102 647 208 713 beluis
236 649 270 711 et
295 645 361 711 illis
389 646 557 732 gentibus,
584 669 720 742 quarum
746 648 882 713 nomina
903 648 1054 714 horretis
1099 648 1275 735 inveniam,

102 737 158 820 qui
182 736 347 801 desertum
370 756 390 798 a
412 734 506 800 vobis
534 735 724 821 sequentur.
755 733 835 821 Scyt
820 736 897 802 thee
922 735 1152 823 Bactrianique
1180 744 1276 804 erunt

102 847 238 898 mecum,
260 823 373 889 hostes
395 823 493 907 paulo
513 828 599 908 ante,
620 846 706 890 nunc
724 825 845 890 milites
863 827 975 891 nostri.
1016 825 1101 892 Mori
1118 831 1274 914 praestat,
1291 837 1327 886 34

104 935 201 998 quam
223 913 371 996 precario
393 875 623 997 imperatorein
647 934 727 978 esse.
772 912 822 978 Ite
844 913 978 980 reduces
1001 915 1131 981 domos!
1154 916 1200 981 ito
1224 917 1276 981 de

104 1005 192 1067 serto
214 1020 294 1085 rege
317 1001 464 1066 ovantes!
509 1000 582 1104 Ego
605 1001 660 1067 hic
681 1024 702 1066 a
722 1002 818 1068 vohis
837 1003 1028 1087 desperatae
1044 1004 1201 1070 victoriae
1220 1009 1278 1071 aut

103 1091 263 1155 honestae
285 1090 385 1154 morti
408 1089 547 1155 locum
537 1088 723 1156 moenium?

609 1266 688 1333 Ore.
711 1265 771 1332 ΙΙΙ.

192 1388 225 1456 N
227 1412 243 1456 e
267 1390 314 1455 sic
337 1390 467 1475 quidem
484 1391 543 1456 ulli
560 1391 704 1457 militum
722 1413 785 1457 vox
805 1392 940 1477 exprimi
958 1393 1076 1478 potuit.
1117 1392 1276 1478 Expecta·
1295 1405 1309 1453 1

104 1479 192 1562 bant,
216 1482 254 1543 ut
276 1479 372 1544 duces
394 1480 622 1564 principesque
640 1480 681 1545 ad
699 1500 809 1565 regem
828 1480 1018 1565 perferrent,
1042 1482 1227 1548 vulneribus
1245 1485 1279 1547 et

104 1568 257 1633 continuo
285 1567 397 1634 labore
424 1568 564 1634 militiae
590 1567 748 1654 fatigatos
774 1591 841 1635 non
864 1569 1043 1636 detrectare
1066 1571 1191 1657 munia,
1221 1570 1278 1637 sed

104 1657 264 1721 sustinere
286 1679 352 1722 non
375 1678 478 1740 posse.
524 1655 675 1722 Ceterum
696 1656 746 1722 illi
764 1660 855 1722 metu
873 1659 1038 1724 attoniti
1028 1681 1064 1723 111
1081 1664 1203 1725 terram
1221 1680 1279 1724 ora
1296 1669 1313 1718 3

105 1745 292 1811 defixerant.
336 1745 442 1832 Igitur
463 1745 570 1830 primo
592 1745 741 1811 fremitus
765 1767 824 1811 sua
846 1749 944 1831 spent
945 1768 976 1832 e,
998 1746 1113 1813 deinde
1137 1748 1278 1834 gemitus

105 1855 232 1919 quoque
256 1834 360 1900 oritur
381 1835 604 1919 paulatimque
631 1833 764 1899 liberius
792 1835 886 1901 dolor
908 1835 991 1920 erigi
1014 1837 1121 1921 coepit
1143 1858 1278 1901 manan-

104 1923 194 1987 tibus
211 1922 364 2007 lacrimis,
387 1923 466 1988 adeo
489 1927 527 1988 ut
548 1944 606 1988 rex
627 1923 677 1988 ira
698 1922 734 1988 in
756 1923 1011 1989 misericordiam
1033 1946 1128 1990 versa
1146 1946 1187 1989 ne
1205 1924 1276 2009 ipse

59 2015 95 2078 12
107 2011 245 2097 quidem,
259 2034 455 2097 quemquam
469 2015 607 2097 cuperet,
624 2015 807 2097 temperare
826 2013 928 2078 oculis
941 2014 1093 2098 potuerit
1070 2012 1277 2078 tTandem
1293 2024 1310 2073 3

105 2099 257 2166 universe
278 2101 429 2166 contione
452 2100 583 2166 effusius
604 2099 683 2166 flent
668 2104 702 2166 te
720 2099 847 2168 Coenus
866 2123 964 2167 ausus
983 2104 1034 2168 est
1052 2101 1278 2168 cunctantibus

105 2190 220 2254 ceteris
249 2189 383 2274 propius
411 2189 559 2255 tribunal
591 2188 754 2274 accedere,
786 2189 973 2277 significans
1006 2212 1040 2257 se
1067 2191 1160 2276 loqui
1185 2191 1277 2256 velle.

105 2276 209 2354 Quem
230 2282 271 2342 ut
290 2278 397 2343 videre
415 2278 537 2344 milites
556 2277 779 2345 detrahentem
796 2279 926 2364 galeam
945 2279 1105 2365 capiti-
1125 2281 1173 2345 ita
1191 2279 1277 2345 enim
1297 2291 1314 2340 4

104 2386 216 2450 regem
239 2366 370 2451 adloqui
393 2388 464 2433 mos
487 2370 600 2432 est-
625 2366 753 2433 hortari
776 2372 961 2453 coeperunt,
983 2372 1021 2434 ut
1040 2390 1173 2435 causam
1192 2389 1279 2433 exer·

105 2455 189 2519 citus
213 2460 333 2540 ageret.
379 2455 463 2521 Tum
486 2453 626 2542 Coenus,
649 2454 717 2521 ‘Dii
739 2454 961 2542 prohibeant,
983 2455 1138 2543 inquit,
1139 2480 1160 2522 a
1181 2457 1312 2523 nobist
1373 2460 1377 2475 '

103 2544 213 2628 inpias
241 2548 379 2610 mentes:
407 2549 441 2610 et
466 2544 613 2628 profecto
635 2544 821 2631 prohibent
865 2543 957 2610 Idem
981 2547 1108 2611 animus
1131 2548 1182 2612 est
1203 2546 1280 2629 tuis,

106 2633 163 2717 qui
185 2631 248 2697 fuit
272 2655 407 2719 semper,
429 2634 476 2698 ire
500 2655 564 2718 quo
582 2632 725 2718 iusseris,
742 2653 899 2718 pugnare,
916 2633 1103 2718 periclitari,
1122 2634 1280 2719 sanguine

105 2725 220 2787 nostro
248 2722 472 2788 commendare
499 2721 685 2806 posteritati
711 2726 805 2787 tuum
826 2744 955 2789 nomen.
995 2721 1135 2788 Proinde
1158 2723 1187 2788 si
1208 2744 1280 2807 per·

107 2832 253 2894 severas,
280 2811 418 2876 inermes
449 2832 575 2895 quoque
603 2814 636 2876 et
656 2810 736 2876 nudi
764 2816 798 2876 et
819 2831 995 2896 exangues,
1022 2816 1196 2897 utcumque
1218 2811 1281 2877 tibi

143 3044 186 3093 33.
202 3039 307 3122 pacto
325 3043 416 3107 3313,
435 3057 456 3094 s.
477 3045 502 3094 7.
521 3044 546 3095 3.
565 3043 591 3093 3.
723 3038 776 3108 (Ge
797 3055 854 3094 ens.
872 3040 1161 3110 333933331333).
1198 3039 1281 3095 Sina.

144 3109 767 3192 33333333131333311331333113
814 3126 923 3165 ummer
944 3110 1073 3167 wurde
1064 3126 1281 3166 rmmernnver·

107 3211 142 3221 -
161 3181 299 3247 milites,
318 3181 372 3236 d.
363 3199 381 3236 1.
400 3180 597 3250 Mitsoldaten,
613 3179 668 3236 wie
720 3179 850 3236 haltener
875 3181 949 3248 lant,
976 3198 1095 3251 gewaun
1121 3180 1202 3236 mehr
1223 3179 1281 3235 und

110 3254 181 3306 cicer
197 3253 299 3318 nostri,
317 3250 480 3335 Mitbdrgcr.
611 3295 612 3298 .
721 3251 801 3305 mehr
818 3249 913 3318 lieth,
935 3223 998 3307 iich
1015 3251 1089 3307 auch
1106 3269 1141 3306 zu
1158 3256 1280 3305 tussam.

112 3321 668 3458 1311311311333133111313131
722 3327 863 3458 w
867 3337 945 3447 ⁶545
948 3323 1122 3449 letti.
1133 3320 1279 3447 311333

113 3470 252 3521 13314.
285 3462 667 3519 DerAusdmelrrstrndre·
756 3468 782 3518 3.
813 3430 948 3518 033333.
985 3465 1066 3519 Auoh
1087 3463 1189 3519 Arrian
1212 3464 1283 3519 ltsst

111 3552 171 3590 sem
184 3535 264 3590 Folle
279 3536 310 3603 (s.
326 3535 398 3590 oben
411 3537 483 3604 533)
496 3533 577 3588 nicht
588 3534 669 3588 recht
721 3531 818 3589 diesen
831 3533 873 3588 als
885 3533 1034 3605 muthigsn
1042 3535 1221 3591 Worerahrer
1233 3535 1282 3590 des

110 3624 158 3660 am
171 3604 327 3661 Platze-
345 3606 548 3674 desperatae.
580 3602 670 3660 Nioht
721 3603 825 3660 Heeres
839 3605 1028 3677 eineltngere
1040 3606 1119 3662 Reda
1132 3606 1282 3664 hulten-

111 3677 202 3732 selten
221 3675 335 3732 setztG.
354 3676 427 3731 auch
445 3676 490 3731 die
509 3692 560 3731 ans
577 3676 668 3730 meh·
717 3676 871 3745 propius.
902 3676 1013 3733 Elbensc
1031 3678 1085 3733 mit
1102 3693 1161 3732 acc
1174 3676 1222 3732 bei
1235 3693 1282 3733 ae·

110 3764 210 3803 reren
225 3749 344 3803 Worten
360 3746 531 3802 bestehende
549 3749 614 3818 App
615 3746 668 3802 osi·
723 3747 858 3805 3313334
877 3753 919 3803 14
939 3754 983 3803 34.

110 3818 542 3902 33ιιιοιᾶιιθιιω3ωιὴμ-
557 3819 670 3874 13333.
760 3823 940 3874 4..ι333331
973 3818 1282 3888 11333333333333

110 3889 292 3945 Uebersetre.
320 3889 420 3944 einen
439 3889 531 3960 Weg.
569 3888 606 3945 So
628 3887 672 3943 ore
724 3886 798 3945 nini
817 3893 930 3955 1313.

109 3960 319 4016 imbrldhohen
333 3960 430 4017 Smne
449 3962 578 4015 1333333
590 3963 672 4028 (333)
760 3965 785 4015 11.
812 3965 986 4016 1333333-
1005 3959 1200 4028 (ledanlren,
1221 3959 1283 4016 ee·

111 4032 508 4099 3313333133333131),
536 4046 670 4100 quaeue.
725 4029 923 4102 sinnungen.
959 4001 1225 4087 summania

111 4073 511 4158 UeberdenDativsilinl.
530 4107 635 4167 §tea
725 4100 782 4159 tho
791 4050 873 4159 03111
889 4109 913 4158 1.
925 4102 1187 4171 17-3133313
1191 4047 1283 4157 relud-

724 4173 809 4230 3331.
836 4173 1106 4245 Ergmtoedlmcu.
1120 4173 1177 4243 vgl.
1188 4172 1282 4240 Quint.

325 4225 1283 4300 (ist-111·-.1or.1eo.-eommeedare.4uch

148 4321 173 4373 3
202 4316 357 4383 literius,
383 4314 438 4371 wie
461 4315 571 4370 laterior
593 4314 671 4370 dolor
725 4312 822 4371 Cicero
835 4317 911 4386 ragt
925 4330 1017 4370 33333
1031 4316 1276 4370 commeamus

112 4389 232 4455 33.;4
258 4387 328 4458 cripi
349 4386 403 4442 wie
425 4386 672 4456 31933331333
723 4387 953 4443 3331311133.-
917 4400 1234 4456 -Λιῃιιιιιιιιιιι
1207 4332 1353 4479 mebi
