2790 4792
393 257 647 312 HISTORIARUM
665 257 881 311 ALEXANDRI
897 257 932 326 V,
951 265 976 312 2.
1207 258 1268 322 181

91 418 205 484 liberis
228 420 445 503 posterisque,
465 423 502 483 ut
523 419 772 502 arbitrabantur,
795 442 875 503 quas
897 442 963 483 una
984 420 1066 485 hora
1088 420 1123 483 in
1146 421 1270 484 externi

92 507 181 591 regis
204 530 320 571 manus
344 508 462 572 intulit
504 504 660 573 Consedit
681 507 796 571 deinde
818 509 853 571 in
875 508 966 592 regia
988 507 1070 572 sella
1091 509 1194 573 multo
1218 528 1325 577 ex-13

94 596 230 661 celsiore
254 617 351 680 quam
374 617 432 679 pro
455 595 570 659 habitu
593 597 745 679 eorporis.
778 595 902 680 Itaque,
924 618 997 660 cum
1014 597 1112 679 pedes
1125 596 1270 677 primum

93 684 232 768 gradum
254 705 322 748 non
345 684 583 768 contingerent,
605 705 688 748 unus
712 706 751 747 ex
773 684 872 768 regiis
894 684 1001 767 pneris
1025 706 1172 748 mensam
1195 684 1268 747 snb-

94 772 176 837 didit
202 772 347 855 pedibus.
391 771 532 836 Etcum
555 772 745 855 spadonem,
772 773 827 856 qni
849 771 948 836 Darei
970 772 1089 856 fuerat,
1117 773 1268 856 ingemis-
1288 793 1325 841 14

94 864 221 925 centem
258 861 478 944 conspexisset
508 883 577 944 rex,
613 882 744 925 eausam
775 861 956 925 maestitiae
987 861 1161 945 requisivit.
1210 859 1268 924 Ille

93 949 217 1013 indicat
230 947 374 1013 Dareum
396 949 483 1012 vesei
504 949 539 1013 in
558 969 596 1012 ea
614 949 755 1032 solitum,
778 971 875 1032 seque
894 971 1020 1013 sacram
1038 951 1106 1014 eius
1125 970 1269 1013 mensam

93 1037 135 1100 ad
165 1037 341 1100 ludibrium
371 1037 567 1101 recidentem
594 1038 664 1100 sine
689 1037 831 1101 lacrimis
859 1039 1044 1121 conspicere
1071 1059 1139 1102 non
1165 1059 1270 1120 posse.

93 1123 202 1189 Subiit
224 1146 303 1210 ergo
325 1145 435 1210 regem
457 1125 648 1189 verecundia
670 1126 813 1190 violandi
834 1126 1012 1209 hospitales
1034 1126 1119 1208 deos,
1141 1126 1268 1209 iamque
1288 1144 1325 1194 15

93 1212 228 1278 subduci
250 1212 391 1296 iubebat,
414 1235 487 1278 cum
505 1212 665 1279 Philotas:
690 1212 834 1278 ‘Minime
857 1236 934 1279 vero
956 1214 1036 1278 haec
1059 1214 1182 1297 feceris,
1204 1235 1269 1297 rex,

92 1303 149 1366 sed
173 1323 268 1366 omen
292 1324 419 1386 quoque
442 1302 562 1385 accipe,
590 1323 749 1387 mensam,
777 1324 816 1366 ex
843 1325 907 1387 qua
928 1303 1044 1367 libavit
1066 1303 1169 1367 hostis
1193 1324 1269 1384 epu-

92 1393 156 1475 las,
179 1391 245 1454 tuis
268 1390 403 1474 pedibus
426 1413 497 1455 esse
520 1390 715 1455 subiectam!

58 1480 78 1543 9
182 1479 253 1542 Rex
283 1478 425 1543 Persidis
461 1479 560 1543 finem
596 1478 740 1544 aditurus
778 1479 860 1544 Susa
895 1480 1007 1543 urbem
1038 1477 1199 1544 Archelao
1236 1482 1270 1542 et
1289 1499 1323 1548 16

93 1567 289 1650 praesidium
313 1585 352 1631 m
374 1568 500 1631 milium
522 1568 671 1631 tradidit:
703 1567 887 1650 Xenophilo
911 1568 994 1632 areis
1018 1589 1095 1632 eura
1117 1567 1270 1633 mandata

94 1659 144 1719 est
170 1655 259 1719 mille
286 1655 500 1720 Macedonum
528 1659 634 1720 aetate
661 1656 814 1740 gravibus
841 1656 1023 1738 praesidere
1054 1657 1136 1721 arcis
1164 1659 1270 1720 custo·

94 1743 166 1806 diae
192 1743 304 1808 iussis:
336 1744 563 1808 thesaurorum
591 1742 755 1810 Callicrati
783 1745 886 1808 tutela
915 1744 1087 1827 permissa:
1120 1747 1269 1826 satrapea
1288 1764 1322 1812 17

93 1831 237 1915 regionis
257 1831 412 1896 Susianae
434 1832 585 1896 restituta
597 1832 761 1896 Abulitae.
796 1831 936 1896 Matrem
954 1853 1081 1915 quoque
1100 1836 1133 1895 et
1149 1831 1268 1895 liberos

93 1921 175 2002 repis
205 1920 240 1983 in
271 1920 383 1984 eadem
414 1919 493 1984 urbe
525 1920 666 2002 deponit.
719 1919 769 1984 Aa
800 1921 884 1984 forte
911 1919 1135 1985 Macedonicas
1162 1923 1268 1983 vestes
1288 1939 1322 1988 18

94 2008 294 2092 multamque
325 2031 502 2092 purpuram
534 2009 620 2073 dono
653 2030 692 2072 ex
717 2008 908 2074 Macedonia
940 2009 1004 2073 sibi
1034 2008 1168 2072 missam
1195 2029 1268 2071 cum

93 2096 158 2178 his,
182 2118 263 2180 quae
275 2097 506 2178 'confecerant,
532 2097 618 2160 tradi
642 2095 817 2182 Sisigambi
839 2098 930 2161 iubet
951 2133 995 2143 —
1019 2097 1107 2161 omni
1126 2117 1268 2180 namque

92 2183 217 2250 honore
245 2206 316 2249 eam
344 2188 377 2249 et
402 2185 462 2248 filii
485 2207 611 2268 quoque
633 2186 755 2269 pietate
777 2186 1031 2270 prosequebatur
1052 2223 1095 2231 —
1118 2184 1322 2252 admone-19

93 2273 184 2357 rique
211 2273 318 2358 iussit,
348 2277 398 2357 ut,
431 2274 459 2337 si
490 2273 579 2337 cordi
607 2294 733 2358 quoque
761 2275 859 2339 vestis
887 2278 985 2357 esset,
1014 2273 1169 2339 conficere
1196 2293 1268 2337 eam

92 2364 207 2444 neptes
236 2383 310 2425 suas
334 2361 566 2426 adsuefaceret:
598 2362 684 2426 dono
708 2384 756 2445 se,
788 2384 870 2448 quae
893 2363 1058 2445 docerent,
1087 2362 1171 2426 dare.
1216 2361 1269 2425 Ad

93 2450 178 2514 hane
201 2470 311 2513 vocem
334 2450 486 2514 lacrimae
510 2449 643 2514 obortae
661 2451 830 2534 prodidere
850 2452 992 2516 animum
1013 2451 1217 2533 aspernantis
1235 2450 1269 2514 id

93 2559 225 2601 munus:
258 2537 374 2620 quippe
396 2559 463 2601 non
487 2537 574 2601 aliud
596 2539 701 2623 magis
724 2540 759 2603 in
781 2540 1010 2603 contumeliam
1030 2538 1202 2602 Persarum
1223 2538 1268 2601 fe·

91 2712 174 2780 penti.
211 2708 390 2765 Uebersetze:
408 2710 466 2764 und
484 2727 558 2765 zwar
575 2710 655 2766 nicht
707 2728 762 2766 esse
788 2713 976 2782 maantratni,
1003 2713 1120 2780 praefica
1145 2712 1267 2779 inperio.

92 2783 221 2852 geprtgt,
231 2782 349 2835 sondem
357 2781 653 2838 inFormvonBarren
707 2783 936 2837 Nachclassische
951 2781 1159 2850 Schriftsteller,
1177 2782 1268 2835 insbe-

130 2859 172 2906 12.
191 2857 228 2907 nt
242 2853 515 2908 arbitrabantur.
540 2850 569 2906 O.
583 2852 655 2907 liebt
708 2855 823 2909 sondere
841 2853 977 2924 tTacitus,
1005 2853 1146 2908 brauohen
1172 2853 1269 2923 hsufig

92 2923 188 2978 solche
205 2923 394 2978 Parenthesen
415 2923 469 2978 wie
487 2929 519 2978 nt
536 2925 654 2978 credide·
705 2926 861 2994 praesidere
888 2925 930 2979 als
957 2925 1039 2981 milit.
1062 2931 1081 2980 t.
1101 2930 1120 2980 t.
1137 2950 1171 2971 =
1187 2941 1268 2994 prae·

92 2999 151 3059 rat,
177 3000 335 3063 maereat
356 3013 384 3048 u.
404 2994 492 3065 dergl.
531 2994 557 3049 S.
582 2994 654 3049 oben
707 3012 770 3052 esse.

92 3071 118 3119 4.
137 3071 162 3117 9.
181 3071 207 3118 4.
494 3108 501 3117 .
745 3074 786 3122 18.
802 3067 850 3121 Ae
867 3068 962 3134 forte.
986 3066 1072 3121 Forte
1084 3066 1196 3121 benieht
1209 3066 1268 3120 sich

130 3136 324 3203 reprimam
337 3136 483 3204 pradum.
493 3136 557 3190 Von
565 3136 656 3191 einem
708 3138 784 3192 wohl
800 3137 994 3193 vomehmlich
1012 3136 1063 3190 auf
1078 3138 1132 3191 sibi
1149 3138 1269 3190 mnsam.

92 3198 264 3276 tessaram
286 3205 436 3273 (Schemel)
460 3206 568 3276 sprioht
589 3206 656 3261 Dio·
707 3208 772 3262 Wie
791 3208 837 3263 die
854 3210 953 3263 Warte
971 3223 1032 3260 enm
1049 3208 1105 3272 hie,
1127 3223 1196 3274 qnae
1214 3208 1267 3262 etc.

94 3276 152 3342 dor,
170 3275 229 3329 und
247 3277 319 3330 auch
337 3276 383 3330 die
401 3276 581 3332 Monumente
600 3295 656 3331 von
708 3278 812 3348 zeigen,
832 3278 913 3332 batte
931 3275 1091 3330 Alexander
1108 3275 1183 3329 disse
1202 3275 1270 3330 Sen-

92 3345 251 3416 Persepolis
263 3345 361 3416 zeigen
374 3346 589 3402 eineFussbanh
602 3347 656 3401 mit
708 3349 785 3417 dung
808 3365 858 3402 aus
875 3346 1060 3401 Macedonian
1081 3346 1168 3400 selbst
1185 3363 1269 3416 ange-

92 3416 656 3488 Rinderffissenunterdemenigsthron.
708 3419 940 3486 mmet—qnae
953 3417 1268 3486 confecerantnaml.

131 3493 172 3540 14.
186 3487 228 3540 Et
245 3488 474 3544 hart=ticd.i.
489 3488 535 3543 bei
549 3488 656 3543 diesem
708 3505 754 3543 eas
779 3491 892 3556 (vestes).
933 3487 1001 3542 Man
1032 3489 1163 3542 erwartet
1188 3488 1268 3544 eherz

91 3558 217 3613 Anlasse.
708 3576 777 3629 qnae
791 3560 919 3626 conficere
932 3559 1091 3628 adsuerant,
1105 3559 1142 3613 da
1156 3576 1185 3614 es
1195 3559 1269 3615 doch

130 3635 171 3684 15.
197 3630 348 3696 iubebat,
375 3631 408 3684 de
425 3635 526 3685 conata
545 3656 579 3675 =
597 3647 656 3684 war
707 3647 764 3685 von
781 3629 893 3684 lxeinem
912 3627 1106 3685 sonderlichen
1123 3628 1268 3686 Gewiohte

91 3698 224 3768 Willens,
256 3719 290 3754 zu
308 3700 446 3756 befehlen.
466 3732 499 3742 -
528 3702 655 3756 litavit
707 3717 777 3770 war,
810 3700 845 3755 ob
873 3700 976 3770 gerade
1002 3701 1048 3754 die
1069 3701 1269 3756 Probekleider

92 3794 126 3815 =
147 3770 315 3839 einnahm,
343 3788 476 3840 genoss3
505 3772 551 3826 ein
573 3770 654 3826 feier·
706 3788 763 3826 von
783 3771 870 3840 jenen
895 3770 1053 3841 gearbeitet
1079 3788 1174 3826 waren
1200 3771 1268 3826 oder

89 3841 180 3895 lieher
202 3841 347 3894 Auadruok
370 3840 420 3896 der
443 3841 655 3912 Opfersprache,
706 3842 794 3897 nicht.

91 3911 147 3965 den
164 3911 252 3966 sehon
268 3910 330 3966 Liv.
347 3913 406 3966 hat.
716 3912 720 3919 '
744 3920 786 3967 19.
806 3913 899 3967 cordi
916 3929 1056 3982 quoqne
1081 3911 1160 3966 Sinn:
1186 3928 1267 3965 wenn

128 3989 169 4036 16.
197 3982 314 4050 finem,
345 3982 419 4038 Einl.
443 3988 466 4047 ξ.
485 3989 548 4050 4c.;
580 3983 653 4037 nach
708 4000 736 4038 es
750 3983 795 4037 ihr
809 3983 881 4037 auch
899 3983 1039 4053 gafalle,
1057 3982 1127 4037 lieb
1143 3981 1199 4050 sei,
1218 3983 1266 4037 ab·

91 4054 151 4106 Arr.
172 4051 398 4108 erhielthrohel.
415 4053 471 4107 den
485 4052 654 4108 Oberbefehl
706 4055 829 4124 gesehen
854 4071 910 4109 von
936 4054 986 4108 der
1012 4053 1267 4108 thksicbtnahme

90 4123 160 4176 fiber
185 4123 232 4178 die
250 4123 308 4176 Tru
327 4140 397 4192 pen,
422 4125 551 4178 Mazarae
575 4124 654 4178 ward
707 4124 758 4178 auf
771 4124 826 4178 den
839 4124 937 4179 Geber.
953 4156 986 4163 —
1006 4141 1088 4193 qnae
1106 4126 1267 4187 docerent,

91 4193 147 4247 Bur
186 4193 254 4265 oigt.
318 4194 384 4248 eber
402 4197 493 4250 mille
517 4197 652 4264 agenat.
707 4195 753 4250 die
771 4201 794 4260 ξ.
815 4201 848 4250 18
869 4194 923 4248 mit
940 4211 1010 4263 qnae
1027 4195 1198 4261 confecerant
1215 4192 1267 4247 Be·

92 4282 105 4317 s
164 4264 214 4318 inl.
242 4269 265 4330 ἕ.
289 4269 360 4319 29a.
392 4294 426 4303 -
453 4265 655 4335 praesidere
707 4266 877 4320 zeichneten.
914 4296 947 4303 —
986 4265 1177 4332 accipiant,
1208 4263 1266 4333 vgl.

92 4307 280 4403 castodiae,
299 4335 403 4405 analag
417 4335 471 4390 den
484 4335 654 4391 olassischen
706 4336 825 4391 Phaedr.
848 4342 873 4389 3.
900 4341 916 4389 8
949 4336 1084 4404 accipiens
1110 4340 1209 4390 nancta
1234 4335 1269 4387 in

91 4405 317 4477 tautologischen
344 4405 539 4462 Ausdrficlren:
572 4421 654 4473 prae·
707 4407 905 4462 contumeliam.
1255 4342 1344 4516 Δ
