2790 4792
150 226 216 291 110
618 222 650 288 o.
670 222 781 278 cuum
798 223 884 278 nom

95 402 131 452 42
149 390 232 454 riam
250 387 391 453 inrisam
410 408 491 471 esse,
512 387 701 471 proclamat
742 384 849 450 Attali
867 407 997 470 quoque
1014 386 1147 452 caedem
1165 387 1333 455 obiciebat

150 477 250 542 etad
277 477 429 541 ultimum
450 475 552 558 Iovis,
579 497 675 560 quem
702 477 829 559 patrem
857 475 922 539 sibi
943 473 1131 540 Alexander
1154 476 1332 564 adsereret,

150 566 317 630 oraculum
345 563 491 648 eludens,
519 564 648 629 veriora
675 584 710 628 se
736 563 808 648 regi
831 584 929 648 quam
950 567 1080 647 patrem
1102 564 1176 630 ciue
1196 587 1333 650 respon·

95 669 131 718 43
150 654 237 719 disee
260 653 398 743 dicebat
444 651 515 717 Iam
538 656 667 717 tantum
690 652 758 716 irae
781 655 974 735 conceperat
993 673 1065 738 rex,
1091 656 1254 737 quantum
1276 655 1332 720 rix

150 743 277 808 sobrius
298 743 386 807 ferre
408 741 580 827 potuisset
624 739 801 805 Enimvero
829 741 911 805 olim
938 761 1029 806 mero
1056 742 1209 807 sensibus
1232 743 1331 808 vietis

95 847 131 896 44
149 853 189 896 ex
224 832 308 896 lecto
343 832 477 914 repente
510 829 673 915 prosiluit
726 828 871 894 Attoniti
905 829 1002 894 amici
1031 850 1073 894 ue
1108 830 1231 914 poeitie
1263 834 1332 916 qui·

149 919 236 1003 dem,
268 919 326 985 eed
353 919 489 983 abiectis
516 917 643 1002 poculis
670 921 871 1002 consurgunt
896 917 932 982 in
958 921 1111 983 eventurn
1137 919 1200 1001 rei,
1231 942 1330 1006 quam

95 1023 129 1074 45
147 1012 243 1073 tanto
275 1008 401 1094 impetu
431 1010 563 1072 acturus
595 1008 699 1088 eeset,
733 1005 863 1071 intenti.
919 1005 1105 1071 Alexander
1132 1011 1231 1092 rapta
1262 1010 1331 1075 lau·

148 1116 207 1162 cea
240 1119 279 1162 ex
310 1095 461 1160 manibus
493 1094 648 1179 armigeri
678 1091 802 1160 (llitum
834 1094 941 1160 adhuc
972 1094 1085 1159 eadem
1114 1096 1251 1183 liuguae
1282 1098 1330 1163 in·

148 1185 367 1269 temperantia
392 1183 554 1248 furentem
579 1187 748 1267 percutere
774 1187 911 1249 conatur
934 1205 955 1248 a
975 1183 1168 1250 Ptolemwo
1195 1190 1232 1252 et
1254 1185 1330 1252 Per-

95 1292 132 1342 46
150 1274 241 1339 dicca
257 1273 433 1338 inhibetur.
473 1271 619 1337 Medium
636 1271 787 1358 conplexi
805 1273 866 1353 [et]
884 1272 1048 1338 obluctari
1064 1279 1329 1357 perseverantem

148 1363 376 1427 morabantur:
412 1359 626 1442 Lysimachus
662 1363 697 1425 ct
726 1359 915 1426 Leonnatus
950 1361 1051 1426 etiam
1087 1361 1239 1429 lanceam
1275 1365 1329 1429 ab·

94 1471 130 1520 42
150 1451 319 1515 etulerant
363 1447 425 1512 Ille
447 1447 591 1514 militum
612 1449 711 1514 fidem
732 1449 900 1535 inplorans
922 1449 1142 1533 conprehendi
1163 1473 1200 1516 ee
1219 1474 1240 1517 a
1256 1474 1330 1536 pro

147 1539 245 1602 ximie
274 1537 465 1620 amicorum,
497 1535 584 1622 quod
611 1537 718 1603 Dareo
744 1559 849 1621 nuper
875 1537 1059 1622 accidisset,
1093 1539 1261 1606 exclamat
1288 1543 1329 1606 ei·

93 1649 130 1699 ⁴⁸
149 1625 1198 1802 2121121122.212Ἑ11ε“2221211
1224 1629 1328 1784 „lul

148 1807 218 1868 tam
246 1802 419 1887 praecipiti
445 1803 496 1867 ira
521 1808 709 1888 perseveret
740 1804 946 1891 spatiumque
976 1805 1087 1888 potius
1119 1805 1231 1871 animo
1258 1808 1330 1872 det:

134 1891 260 1958 omnia
276 1895 408 1977 postero
426 1891 480 1956 die
497 1891 616 1957 iustine
635 1895 853 1958 executurum.
890 1891 954 1958 Sed
972 1893 1101 1958 clausae
1119 1898 1215 1959 crant
1232 1917 1333 1969 aurea,

94 2002 128 2054 49
148 1979 357 2064 obstrepente
384 1979 443 2044 ira
490 1980 606 2065 Itaque
637 1980 801 2065 impotens
833 1981 936 2046 animi
963 1981 1128 2066 procurrit
1153 1983 1189 2047 in
1216 1983 1329 2068 regiae

149 2069 347 2133 vestibulum
371 2072 405 2133 et
426 2068 520 2154 vigili
544 2069 717 2134 excubanti
739 2068 839 2134 hesta
860 2070 974 2135 ablata
994 2070 1145 2136 conetitit
1166 2071 1202 2136 in
1224 2073 1328 2157 aditu,

94 2183 128 2232 50
146 2178 211 2241 quo
233 2177 365 2222 necesse
388 2160 460 2222 erat
480 2157 537 2242 iie3
562 2158 621 2241 qui
642 2157 741 2222 simul
763 2161 973 2241 cenaverant,
1002 2159 1121 2245 egredi
1165 2160 1328 2226 Abierant

150 2246 258 2310 ceteri.
295 2242 402 2310 Olitue
420 2245 556 2311 ultimus
575 2245 645 2310 sine
662 2246 785 2310 lumine
803 2247 923 2312 exibat
963 2245 1067 2322 Quem
1083 2269 1151 2330 rex,
1174 2249 1327 2333 quisnam

148 2338 244 2419 esset,
266 2336 460 2420 interrogat.
500 2333 677 2399 Eminebat
699 2336 800 2400 etiam
818 2335 853 2399 in
871 2357 948 2401 voee
967 2336 1108 2421 scelerie,
1126 2337 1215 2421 qu'od
1232 2360 1327 2422 para-

144 2526 708 2654 bllrlfflllahiltwllbinbieffabtlbldebble
761 2527 1326 2673 Uebbererelblblalrlibstibobibshlmllbl.

145 2668 218 2724 Zorn
235 2671 305 2725 tiber
323 2670 377 2724 den
396 2668 468 2724 eben
485 2669 622 2738 gehbrteu
637 2668 707 2723 hoh-
761 2685 841 2724 arma
858 2671 977 2738 rapior
995 2670 1061 2725 Tac.
1080 2687 1143 2725 aun.
1163 2678 1189 2726 2.
1210 2679 1253 2729 19.

143 2740 261 2795 niechen
278 2739 417 2796 Vorwurl.
796 2745 840 2797 4⁷.
867 2757 975 2809 nuper
997 2758 1019 2796 e.
1043 2746 1194 2797 5.12.15.
1230 2743 1325 2799 Achn-

181 2814 223 2865 42.
247 2810 377 2876 Attali,
395 2828 416 2864 e.
436 2817 462 2864 6.
480 2815 505 2865 9.
525 2815 573 2877 1⁷3
593 2817 617 2866 7.
638 2816 662 2865 1.
681 2816 707 2867 3.
761 2809 835 2866 liche
853 2812 952 2866 Worte
970 2811 1031 2880 legt
1048 2813 1120 2868 auch
1137 2812 1242 2870 Arrian
1260 2815 1327 2871 dem

52 2884 56 2889 '
146 2880 239 2936 lleber
257 2880 339 2934 Jove
355 2882 401 2934 fnr
413 2879 493 2934 Jove
506 2879 706 2935 Hammon.
761 2879 857 2952 chig
873 2882 905 2937 in
922 2882 977 2937 den
994 2881 1090 2937 Mnun

145 2957 169 3005 6.
198 2955 223 3004 9.
252 2955 298 3020 18,
327 2955 369 3004 10.
396 2955 439 3005 28.
468 2980 502 2990 -
530 2950 706 3006 adsereret.
796 2958 840 3008 48.
868 2954 1045 3022 epatium,
1074 2953 1210 3025 ‘Friet,
1234 2957 1325 3014 Ver-

143 3037 200 3076 rem
224 3022 279 3075 eibi
306 3023 441 3085 adeone,
467 3020 522 3073 fur
549 3021 623 3075 sich
649 3021 707 3076 be·
760 3024 851 3094 rug'.
869 3023 1325 3097 Maneagtnichtblceaepotiem

144 3093 375 3161 anepruchen‚
393 3091 461 3159 (vgl.
482 3095 524 3146 10.
544 3096 586 3146 10.
607 3095 652 3160 14)
669 3092 708 3147 iet
760 3095 836 3162 dare,
849 3111 962 3164 meree,
971 3097 1115 3164 postulare
1126 3098 1325 3170 reimpendee)

143 3165 272 3234 poetiech
281 3164 339 3218 und
348 3161 569 3229 nachclaeeiech3
583 3162 629 3217 die
637 3163 707 3218 (lon-
760 3165 818 3220 uml
845 3167 883 3222 cd
908 3183 965 3221 rem
994 3168 1169 3237 (aceruum),
1201 3171 1325 3227 eundern

143 3235 284 3290 etruhtion
311 3234 365 3290 mit
392 3241 408 3289 2
436 3249 527 3289 accae.
558 3234 610 3289 hat
635 3234 707 3290 auch
760 3237 834 3292 auch
855 3238 906 3292 rei
928 3238 1047 3293 elicui.
1083 3236 1148 3309 Vgl.
1167 3259 1190 3296 r.
1209 3239 1242 3298 Β.
1260 3242 1323 3299 Liv.

142 3306 205 3361 Val.
224 3305 297 3363 Max.
317 3313 342 3361 4.
362 3311 386 3362 4.
406 3310 431 3362 4.
760 3313 786 3362 2.
809 3313 852 3363 56.
877 3313 910 3362 16
933 3308 1012 3363 deret
1032 3309 1093 3364 irae
1116 3312 1239 3379 spatium
1265 3314 1324 3369 und

178 3384 221 3432 43.
250 3379 428 3446 enimvero,
451 3392 544 3447 genau
561 3376 615 3436 wie
632 3382 658 3434 4.
679 3382 704 3432 7.
758 3377 889 3434 ebendae.
909 3384 935 3433 8.
950 3385 993 3436 32.
1010 3384 1044 3433 14
1061 3386 1094 3436 ut
1111 3398 1167 3436 rem
1184 3384 1217 3436 in
1231 3390 1323 3453 poete-

145 3455 180 3503 14
193 3450 357 3517 gebraucht,
375 3448 467 3503 bildet
479 3447 562 3504 einen
575 3447 705 3503 scharlen
757 3465 821 3504 rum
838 3450 910 3505 diem
927 3451 1051 3517 differret
1063 3456 1089 3505 et
1101 3453 1161 3508 irae
1174 3469 1241 3509 auce
1257 3471 1322 3524 epa·

144 3519 300 3588 Gcgeneatu
317 3537 352 3572 zu
369 3520 418 3573 eie
434 3520 543 3574 sobriae
563 3520 704 3588 potuisset.
757 3520 828 3574 oum
845 3525 871 3574 et
894 3521 1008 3576 murillo
1030 3526 1135 3591 temper
1152 3524 1240 3582 deret.
1275 3527 1323 3581 An

144 3589 226 3646 Sinn:
244 3588 282 3643 da
295 3607 325 3644 er
341 3589 429 3643 noch
446 3589 705 3657 vollende(vero)
757 3589 813 3645 den
838 3590 1057 3648 Prohibitireata
1088 3593 1220 3650 achlieeet
1251 3595 1323 3665 sich,

143 3660 234 3717 eeiner
257 3659 342 3714 Sinne
368 3660 450 3714 nicht
475 3662 555 3715 mehr
577 3660 705 3731 machtig
756 3661 810 3716 uie
828 3661 935 3732 hafflig,
953 3663 1027 3718 ohne
1041 3663 1174 3720 Wecheel
1187 3665 1238 3720 der
1250 3667 1320 3723 Par·

142 3730 704 3874 benemerentem
756 3730 829 3858 ‘1¹9
842 3732 1221 3873 2121111122.
1230 3742 1321 3879 121

141 3876 205 3931 ken.
225 3906 260 3915 -
277 3875 393 3940 eietie,
420 3874 477 3945 vgl.
505 3874 581 3928 vind
602 3889 705 3941 comae,
757 3879 817 3931 tene
839 3874 899 3929 irae
916 3875 977 3931 hir.
996 3881 1040 3932 29.
1059 3881 1085 3932 9.
1104 3883 1129 3932 9.
1143 3847 1183 3918 ’-
1202 3881 1321 3936 ablato

142 3947 243 4015 labore,
256 3947 312 4013 ire,
325 3944 704 4015 doloremderglbeihiriua
758 3970 793 3991 =
807 3950 906 4015 erepte.
936 3945 973 4002 So
988 3948 1078 4003 eelten
1091 3948 1319 4020 beiClaeeilrern‚

142 4035 170 4074 u
188 4017 332 4073 Dichtern.
758 4016 831 4072 doch
853 4019 917 4088 eagt
941 4019 1016 4073 auch
1040 4016 1137 4075 Cicero
1159 4022 1276 4091 spiritura
1292 4025 1320 4078 ei

176 4094 221 4144 44.
240 4089 421 4157 ceperitis
439 4087 571 4157 quidem
589 4104 610 4144 e.
629 4106 655 4144 r.
674 4103 700 4143 a
757 4089 901 4155 aufertur,
917 4086 997 4144 Verr.
1016 4094 1041 4144 ὁ.
1062 4095 1121 4147 118.

141 4176 198 4215 non
216 4164 273 4214 tem
290 4160 392 4228 ponitis
411 4175 571 4228 ...quem
608 4158 701 4212 nehu-
791 4166 834 4215 50.
862 4161 1042 4228 eminebat,
1070 4161 1180 4217 ettrher
1202 4163 1246 4218 ale
1268 4181 1317 4233 ap·

140 4229 199 4284 lich
216 4230 273 4286 Cic.
291 4230 364 4284 Phil.
386 4235 427 4286 13.
446 4234 482 4284 49
504 4246 539 4284 ne
557 4230 623 4299 pice
639 4229 702 4298 qui-
749 4231 877 4299 perebct.
924 4231 962 4286 So
989 4232 1113 4287 audium
1136 4234 1270 4291 enimbat
1290 4241 1316 4289 4.

77 4302 200 4496 pen
216 4303 264 4384 red
274 4302 466 4386 piieeimce=
480 4301 702 4370 nonmcdcpice
756 4307 793 4429 {b
804 4308 852 4427 2ἒς
876 4303 966 4359 maim
988 4304 1035 4358 ire
1056 4303 1191 4360 enimbat
1212 4305 1272 4361 hir.
1290 4312 1317 4362 2.

182 4387 341 4440 patremve.
796 4415 802 4428 .
841 4414 847 4427 .
