2790 4792
355 226 609 283 HISTORIARUM
627 227 843 283 ALEXANDRI
860 229 921 298 VII,
940 234 965 284 5.
1207 231 1249 296 75
1316 260 1322 274 ’

72 391 250 457 exercitum
281 389 411 454 ducens.
465 389 647 474 Aquarum,
679 393 716 454 nt
752 394 827 456 ante
859 390 982 456 dictum
1015 395 1078 477 est,
1114 394 1282 477 penuria2

72 480 163 565 prius
185 479 409 564 desperatione
434 500 529 562 quam
554 479 713 544 desiderio
736 479 869 544 bibendi
888 480 977 544 sitim
996 481 1149 547 accendit.
1186 482 1249 548 Per

73 585 160 634 cccc
181 568 287 633 stadia
307 589 349 631 ne
367 567 512 632 modicus
536 568 667 652 quidem
686 568 802 634 humor
823 569 941 633 existit.
977 568 1126 634 Harenas
1145 593 1248 654 vapor
1266 591 1282 646 3

73 657 189 723 aestivi
212 657 291 721 solis
316 655 474 720 accendit:
498 677 580 739 quae
603 657 660 721 ubi
682 656 821 741 flagrare
839 662 1029 740 coeperunt,
1051 658 1138 723 haud
1158 680 1248 725 secus

73 768 170 831 quam
201 745 383 811 continenti
419 744 567 810 incendio
599 749 716 810 cuncta
753 749 928 810 torrentur.
983 744 1099 832 Caligo
1133 746 1284 815 deinde4

72 833 232 899 inmodico
265 838 371 898 terrae
403 832 530 898 fervore
563 835 703 899 excitata
737 833 842 899 lucem
876 835 962 919 tegit
998 857 1249 920 camporumque

72 945 139 988 non
153 924 218 987 alia
232 945 329 1007 quam
344 923 429 987 vasti
444 927 477 986 et
490 921 643 1006 profundi
657 923 807 1008 aequoris
822 923 945 1008 species
961 927 1020 988 est.
1043 922 1248 990 Nocturnum
1268 944 1285 992 a

72 1013 136 1077 iter
154 1011 326 1077 tolerabile
346 1011 530 1095 videbatur,
551 1011 627 1095 quia
646 1033 719 1077 rore
737 1015 772 1076 et
789 1013 951 1077 matutino
970 1012 1092 1097 frigore
1111 1035 1250 1099 corpora

71 1100 271 1165 levabantur.
318 1097 470 1165 Oetemm
497 1122 571 1165 cum
598 1100 672 1185 ipsa
698 1101 771 1165 luce
794 1104 903 1166 aestus
927 1101 1030 1166 oritur
1057 1123 1249 1187 omnemque

71 1189 257 1254 naturalem
280 1188 435 1254 absorbet
457 1188 627 1254 humorem
651 1189 793 1254 siccitas:
825 1211 883 1254 ora
905 1190 1093 1274 visceraque
1120 1191 1248 1274 penitus

72 1282 219 1342 uruntur.
255 1277 372 1361 Itaque
394 1278 536 1361 primum
553 1277 671 1361 animi,
695 1277 811 1343 deinde
830 1299 967 1362 corpora
985 1278 1120 1343 deficere
1138 1300 1249 1364 coepe
1269 1301 1284 1348 c

73 1370 159 1431 runt.
213 1366 352 1450 Pigebat
388 1370 421 1430 et
453 1367 631 1432 consistere
663 1369 696 1430 et
733 1366 895 1451 progredi
948 1366 1048 1432 Pauci
1081 1390 1100 1432 a
1136 1368 1249 1452 peritis

73 1456 216 1539 regionis
240 1455 397 1519 admoniti
421 1459 694 1539 praeparaverant
722 1477 849 1540 aquam.
893 1454 983 1520 Haec
1011 1456 1178 1540 paulisper
1200 1477 1283 1525 re-‘l

72 1544 194 1628 pressit
211 1544 312 1608 sitim:
332 1543 447 1608 deinde
467 1547 628 1609 crescente
647 1547 740 1608 aestu
758 1566 870 1608 rursus
891 1543 1085 1608 desiderium
1103 1545 1249 1610 humoris

73 1654 243 1698 accensum
262 1636 320 1698 est.
358 1631 462 1717 Ergo,
482 1631 638 1717 quidquid
656 1632 725 1697 vini
743 1632 871 1717 oleique
891 1635 974 1716 erat,
994 1634 1105 1698 oribus
1124 1634 1249 1718 ingere-

73 1722 171 1798 batur
193 1725 351 1805 tantaque
374 1720 508 1787 dulcedo
532 1720 664 1786 bibendi
687 1719 765 1804 fuit,
788 1722 825 1784 ut
847 1720 882 1784 in
904 1724 1072 1804 posterum
1092 1721 1165 1787 sitis
1183 1744 1250 1788 non

72 1809 252 1874 timeretur.
299 1808 422 1875 Graves
446 1809 562 1875 deinde
585 1809 678 1875 avide
700 1809 819 1873 hausto
842 1808 978 1874 humore
1000 1831 1067 1874 non
1089 1810 1284 1881 sustineres

75 1921 179 1982 arma,
201 1921 269 1964 non
287 1898 414 1982 ingredi
435 1902 588 1982 poterant
606 1903 639 1963 et
657 1896 817 1963 feliciores
835 1897 1042 1981 videbantur,
1066 1920 1147 1982 qnos
1166 1921 1250 1984 aqua

73 1987 247 2070 defecerat,
284 2008 356 2052 cum
393 1987 457 2071 ipsi
491 1988 559 2051 sine
591 1986 687 2052 modo
724 1985 866 2051 infusam
898 1987 1025 2051 vomitu
1057 1993 1250 2072 cogerentur

40 2078 43 2085 '
73 2096 212 2160 egerere.
267 2076 410 2140 Anxium
442 2096 553 2160 regem
585 2075 687 2139 tantis
720 2075 818 2140 malis
850 2074 1039 2140 circumfusi
1071 2077 1181 2158 amici,
1213 2081 1284 2146 uta

72 2165 275 2229 meminisset
292 2164 444 2243 orabant,
464 2165 564 2229 animi
583 2164 633 2229 sui
647 2163 906 2248 magnitudinem
925 2164 1056 2228 unicum
1069 2164 1249 2230 remedium

72 2253 250 2317 deficientis
278 2253 437 2317 exercitus
465 2275 548 2318 esse:
583 2275 657 2318 cum
685 2273 724 2317 ex
750 2251 817 2336 his,
850 2253 906 2336 qui
936 2257 1181 2336 praecesserant
1209 2254 1249 2318 ad
1270 2275 1303 2323 10

73 2341 264 2424 capiendum
278 2341 385 2405 locum
395 2342 520 2421 castris,
536 2341 598 2406 duo
608 2345 782 2406 occurrunt
795 2341 924 2406 utribus
940 2363 1058 2426 aquam
1073 2344 1250 2427 gestantes,

72 2434 110 2495 ut
132 2429 209 2494 filiis
234 2429 313 2512 suis,
341 2452 422 2514 quos
445 2431 480 2495 in
503 2430 616 2496 eodem
639 2430 770 2513 agmine
793 2451 863 2494 esse
892 2432 925 2494 et
947 2450 1044 2515 aegre
1067 2431 1138 2514 pati
1161 2431 1250 2495 sitim

72 2541 139 2583 non
160 2519 372 2603 ignorabant,
400 2521 613 2584 occurrerent.
659 2517 720 2594 Qui
750 2539 824 2582 cum
852 2518 888 2582 in
909 2539 1020 2604 regem
1050 2519 1250 2603 incidissent,
1270 2541 1302 2589 11

73 2609 158 2672 alter
187 2629 226 2671 ex
257 2606 310 2671 his
342 2610 414 2671 utre
446 2608 592 2673 resoluto
623 2628 696 2690 vas,
728 2606 815 2690 quod
847 2605 945 2670 simul
976 2607 1116 2689 ferebat,
1147 2608 1251 2691 inplet

72 2697 244 2781 porrigens
268 2697 346 2781 regi.
392 2696 453 2761 Ille
477 2697 605 2779 accipit.
644 2694 871 2779 Percontatus,
895 2694 1011 2779 quibus
1036 2716 1155 2779 aquam
1176 2718 1250 2780 por-

71 2789 196 2860 tarent,
215 2785 293 2849 filiis
310 2786 395 2850 ferre
414 2785 591 2870 cognoscit.
627 2783 717 2850 Tunc
735 2783 852 2869 poculo
871 2782 982 2868 pleno,
1001 2783 1085 2848 sicut
1103 2785 1250 2850 oblatum
1271 2813 1303 2861 12

73 2984 99 3032 4.
114 2985 157 3047 27,
180 2978 233 3032 mit
251 2996 284 3032 zu
302 2976 454 3034 Bactriana
472 2978 632 3048 gerechnet.
723 2983 748 3032 5.
776 2977 977 3032 naturalem.
1018 2975 1083 3045 Vgl.
1111 2978 1252 3033 nataralia

73 3050 217 3118 Sogdiana
230 3049 322 3104 istdie
337 3048 634 3119 heutigeLandschaft
687 3051 757 3105 sine
774 3045 801 3107 fa
820 3055 845 3102 4.
865 3054 895 3116 2;
914 3052 939 3103 8.
958 3053 983 3102 2.
1003 3053 1046 3102 22.

72 3119 220 3187 Bnkbara,
244 3137 301 3174 von
323 3119 372 3175 der
395 3121 440 3174 ein
459 3121 542 3175 Theil
560 3120 635 3176 noch
725 3125 749 3174 7.
766 3122 1064 3188 praeparaverant
1080 3117 1099 3171 f.
1119 3123 1183 3172 ante
1198 3134 1251 3186 pa-

69 3191 143 3260 jetat
158 3189 247 3260 Sogd
261 3190 386 3260 (altpers.
395 3191 636 3262 Sugbda=terra
688 3195 798 3255 rarant,
810 3193 940 3258 paratam
948 3189 1091 3242 habebant.
1100 3218 1134 3228 —
1143 3194 1252 3254 aesta,

70 3264 158 3330 para)
177 3263 302 3329 genennt
319 3261 398 3317 wird.
688 3256 1251 3326 hierwohl:dieErhitzungderTrinlren·

112 3338 136 3385 2.
156 3338 233 3387 ante
246 3333 373 3387 dictam
386 3337 447 3397 eet,
466 3333 538 3387 oben
552 3337 577 3388 4.
592 3337 635 3386 27.
689 3332 752 3386 den.
764 3331 844 3383 —e'n
860 3331 1028 3396 posteram
1041 3322 1195 3396 stricari
1212 3326 1252 3390 εἰς

76 3433 110 3442 -—
130 3404 222 3456 sitim
245 3404 402 3458 accendit
426 3400 479 3456 wie
498 3407 514 3468 ὅ
533 3408 548 3456 7
567 3403 635 3457 deei-
690 3397 723 3456 τὸ
743 3398 841 3456 ἔπειτα
859 3399 945 3467 δίψα,
964 3414 986 3451 s.
1005 3397 1079 3452 Einl.
1097 3403 1113 3463 5
1132 3403 1157 3454 9.

75 3472 637 3538 derinmbnmorisaccenenneinenach·
726 3476 752 3526 8.
770 3472 844 3526 eine
861 3469 953 3524 modo
971 3468 1015 3522 fdr
1032 3469 1180 3524 immodice.
1215 3469 1252 3526 So

76 3542 638 3611 classischeAusdruclrsweise,dochent·
691 3541 764 3597 auch
787 3540 855 3594 Sall.
877 3559 905 3596 u.
927 3538 1037 3607 Livius,
1068 3542 1124 3596 bes.
1147 3540 1178 3595 in
1201 3541 1253 3595 der

77 3615 234 3684 sprcchend
259 3615 323 3669 dem
347 3615 516 3670 claesischeu
541 3615 637 3669 reatin
691 3611 803 3669 l'ormel
821 3612 880 3666 sine
897 3611 976 3666 ando
994 3627 1028 3665 ac
1045 3613 1185 3666 nodeetia.

75 3703 157 3755 quere
198 3687 402 3757 (exstinquere)
444 3686 527 3740 sitim.
582 3685 638 3740 Der
728 3690 753 3740 9.
772 3687 808 3738 nl
830 3699 913 3738 mem.
937 3682 1090 3738 orabant.
1127 3681 1253 3738 Connex:

76 3756 211 3811 Gedaulre
243 3756 297 3812 ist:
330 3757 378 3812 der
410 3754 638 3826 Waseermangel
691 3755 737 3809 die
758 3753 886 3808 Freunde
913 3769 1007 3809 waren
1035 3754 1107 3808 eben
1133 3752 1253 3808 daruber

75 3827 211 3893 bewirlrt,
243 3819 317 3883 nocb
345 3829 397 3882 ehe
429 3827 479 3882 der
506 3829 638 3896 naturge·
691 3826 746 3881 den
763 3823 858 3894 Konig
874 3841 909 3878 au
926 3823 1121 3892 beschwtren,
1140 3824 1203 3878 dass
1223 3841 1253 3878 er

75 3903 167 3952 masse
181 3897 267 3952 Trieb
281 3916 344 3953 zum
353 3897 476 3954 Trinlren
492 3897 551 3953 sich
566 3898 637 3967 regt,
691 3896 745 3951 deu
758 3895 840 3949 Muth
857 3894 937 3950 nicht
953 3895 1052 3949 sinlren
1068 3894 1170 3962 lassen,
1189 3910 1252 3948 sou·

76 3969 164 4023 Dnrst
197 3967 285 4023 durch
318 3970 373 4024 den
403 3967 554 4025 troetloeen
584 3967 637 4024 Ge·
691 3967 760 4023 dern
782 3966 922 4022 vielmehr
946 3965 996 4020 das
1019 3965 1160 4020 muthlose
1178 3964 1253 4020 Heer

75 4039 201 4106 dankeu,
234 4038 330 4095 diesen
356 4039 436 4095 nicht
460 4040 577 4095 ltacben
603 4057 638 4094 au
692 4038 870 4108 ermuthigeu
887 4036 970 4106 selle,
988 4035 1039 4090 als
1056 4037 1108 4090 etc.

75 4111 220 4166 konnen.
336 4137 337 4141 ,
729 4115 771 4166 10.
789 4110 827 4163 s‘n
848 4108 956 4163 eodem
979 4107 1109 4177 agmine
1129 4104 1254 4162 d.h.r'n

112 4187 137 4234 3.
156 4198 262 4250 aanor
284 4182 438 4237 accendit
460 4179 513 4236 wie
532 4186 557 4235 3.
576 4185 601 4235 5.
622 4186 636 4235 1
691 4196 744 4250 aaa
761 4196 811 4235 rea
829 4184 896 4232 erat

75 4252 153 4307 calar
171 4269 248 4307 nam
266 4249 398 4308 accendit.
729 4256 771 4307 12.
801 4249 893 4304 Tnnc
919 4247 1044 4316 poculo
1072 4247 1124 4303 etc.
1172 4246 1254 4302 Auch

112 4328 137 4376 4.
166 4323 292 4392 species
319 4328 373 4379 eet.
419 4321 496 4378 Gara
523 4320 639 4377 mulien
692 4315 1226 4386 andereScbriftsteller,a.B.Arr.6.2

76 4394 130 4448 wie
150 4395 223 4448 oben
241 4398 266 4448 4.
286 4399 329 4448 27.
692 4391 824 4447 erratiles
834 4316 1320 4496 dieseileseliicbteaberq

920 4487 924 4494 e
