2790 4792
358 203 614 260 HISTORIARUM
632 203 847 260 ALEXANDRI
866 205 925 274 Vll,
945 213 969 260 6.
1212 209 1254 272 81

74 372 244 443 latronum
257 373 363 434 erant:
382 368 491 433 fundis
506 367 702 452 sagittisque
720 387 866 450 pugnam
880 368 1046 434 invadunt.
1075 369 1164 446 Quos
1179 371 1256 435 dum
1275 393 1292 439 3

74 460 206 526 obsidet
238 481 308 543 rex,
340 458 426 522 inter
454 455 716 541 promptissimos
749 455 906 521 dimicans
935 457 1057 541 sagitta
1084 458 1168 523 ictus
1198 463 1256 544 est,

76 570 161 634 quae
189 548 224 610 in
248 546 353 610 medio
377 567 468 611 crure
491 546 556 608 fixa
579 543 754 627 reliquerat
782 545 950 628 spiculum.
996 545 1095 610 Illum
1124 547 1292 631 quidemr

77 637 195 701 maesti
225 639 258 699 et
290 634 425 699 attoniti
452 632 645 698 Macedones
678 633 712 696 in
744 636 853 698 castra
880 633 1077 699 referebant:
1110 637 1166 699 sed
1197 658 1257 702 nec

77 726 237 790 barbaros
269 723 387 787 fefellit
420 722 597 787 subductus
630 742 670 785 ex
702 722 771 785 acie
803 722 921 806 quippe
955 744 993 786 ex
1026 723 1112 788 edito
1145 729 1257 790 monte

75 817 194 878 cuncta
226 815 468 895 prospexerant.
519 809 635 892 Itaque
665 814 796 893 postero
829 810 880 873 die
911 811 1028 875 misere
1060 813 1187 897 legatos
1216 813 1293 882 ads

77 923 198 987 regem.
252 900 339 976 Quos
371 900 429 963 ille
462 899 611 982 protinus
644 897 741 962 iussit
773 897 903 963 admitti
936 900 1114 984 solutisque
1147 901 1256 966 fasciis

79 989 339 1075 magnitudinem
357 987 500 1052 vulneris
519 986 730 1050 dissimulans
749 1007 822 1050 crus
846 987 995 1051 barbaris
1015 990 1166 1054 ostendit.
1202 990 1258 1054 llli
1277 1013 1293 1060 6

78 1079 160 1144 iussi
179 1077 345 1143 considere
364 1076 550 1159 adfirmant,
572 1097 639 1140 non
656 1074 850 1140 Macedones
873 1098 970 1161 quam
987 1077 1076 1160 ipsos
1095 1078 1257 1144 tristiores

77 1168 180 1231 fuisse
204 1167 335 1249 cognito
360 1166 490 1229 vulnere
518 1164 635 1248 ipsius,
664 1164 754 1228 caius
783 1164 811 1228 si
839 1168 1004 1230 auctorem
1031 1167 1258 1251 repperissent,

78 1256 244 1320 dedituros
278 1254 392 1318 fuisse:
427 1275 500 1317 cum
532 1252 581 1317 dis
614 1253 701 1316 enim
732 1273 878 1337 pugnare
911 1254 1087 1338 sacrilegos
1120 1258 1292 1325 tantumt

80 1343 234 1409 Ceterum
262 1364 296 1407 se
324 1346 455 1428 gentem
482 1342 518 1405 in
544 1341 640 1405 fidem
669 1340 784 1406 dedere
813 1346 983 1425 superatos
1011 1344 1132 1408 virtute
1159 1345 1258 1410 illius.

79 1433 150 1496 Rex
168 1431 231 1495 fide
250 1432 327 1495 data
346 1435 379 1495 et
397 1430 536 1514 captivis
555 1430 695 1513 receptis
714 1434 845 1514 gentem
863 1431 898 1494 in
917 1431 1112 1496 deditionem
1127 1433 1259 1517 accepit.

78 1519 204 1585 Castris
236 1519 311 1583 inde
344 1518 441 1584 motis
474 1518 590 1583 lectica
621 1519 757 1583 militari
790 1517 968 1603 ferebatur,
1001 1541 1098 1603 quam
1130 1516 1198 1606 pro¹
1223 1543 1294 1591 ses

77 1609 217 1693 quisque
236 1629 333 1692 eques
352 1608 513 1691 pedesque
533 1607 641 1671 subire
660 1608 837 1671 certabant.
874 1604 1024 1691 Equites,
1048 1630 1121 1673 cum
1140 1610 1258 1694 quibus

77 1720 134 1762 rex
163 1697 289 1781 proelia
312 1697 395 1762 inire
419 1696 535 1762 solitus
560 1699 643 1779 erat,
674 1695 724 1759 sui
747 1697 890 1761 muneris
918 1697 952 1760 id
975 1718 1046 1761 esse
1070 1699 1258 1763 censebant:

77 1785 205 1871 pedites
230 1790 357 1868 contra,
384 1808 457 1851 cum
485 1784 612 1849 saucios
636 1783 876 1849 commilitones
904 1786 967 1869 ipsi
990 1790 1121 1870 gestare
1145 1787 1258 1851 adsue-

78 1876 218 1957 vissent,
241 1875 323 1958 eripi
342 1874 406 1939 sibi
424 1873 590 1957 proprium
610 1871 754 1937 officium
772 1875 843 1936 turn
865 1873 1087 1956 potissimum,
1110 1896 1183 1939 cum
1202 1897 1259 1939 rex

79 1963 256 2048 gestandus
281 1968 379 2047 esset,
407 1961 635 2047 querebantur.
680 1959 751 2026 Rex
779 1960 812 2024 in
840 1964 934 2026 tanto
955 1963 1125 2047 utriusque
1153 1964 1294 2046 partise

80 2052 256 2117 certamine
285 2056 318 2116 et
346 2052 410 2117 sibi
439 2049 607 2114 difficilem
636 2053 668 2113 et
695 2049 881 2134 praeteritis
910 2071 1040 2135 gravem
1065 2052 1258 2116 electionem

80 2141 225 2205 futuram
247 2145 339 2205 ratus
362 2139 501 2203 invicem
525 2138 634 2203 subire
658 2159 713 2202 eos
736 2137 841 2203 iussit.

24 2231 70 2294 26
171 2229 257 2292 Hinc
283 2232 399 2312 quarto
428 2227 479 2291 die
503 2227 545 2291 ad
572 2226 686 2290 urbem
709 2225 905 2291 Maracanda
928 2231 1119 2310 perventum
1143 2232 1192 2292 est
1218 2250 1313 2298 -10

81 2335 154 2381 Lxx
174 2317 279 2381 stadia
298 2338 408 2380 marus
427 2316 518 2381 urbis
538 2315 758 2399 amplectitur,
782 2337 840 2379 arx
863 2315 929 2379 alio
949 2316 1091 2402 cingitur
1108 2339 1200 2382 maro
1218 2353 1257 2364 -

82 2427 119 2469 ac
138 2404 300 2488 praesidio
319 2404 409 2468 urbis
424 2405 538 2468 relicto
557 2405 723 2488 proximos
737 2403 826 2468 vicos
841 2403 1055 2487 depopulatur
1072 2408 1169 2490 atque
1183 2407 1259 2471 urit.
1280 2427 1312 2475 ιι

170 2491 287 2576 Legati
319 2492 433 2558 deinde
463 2491 623 2557 Abiorum
651 2490 848 2576 Scytharum
881 2493 1125 2577 superveniunt,
1156 2495 1260 2577 liberi,

82 2605 120 2647 ex
150 2605 214 2665 quo
243 2581 424 2646 decesserat
446 2578 566 2665 (lyras,
595 2583 666 2645 tum
694 2582 855 2664 imperata
881 2579 1009 2644 facturi.
1058 2581 1260 2647 Iustissimos

80 2811 187 2878 babere,
203 2824 289 2878 apere,
302 2824 399 2877 parare.
414 2837 448 2848 -·
462 2807 645 2874 taoadaat,
698 2806 846 2932 gaktmpft
868 2808 970 2864 hatte'.
1008 2806 1086 2863 Alex.
1106 2808 1209 2879 pflegte
1232 2811 1261 2863 in

81 2881 163 2935 nicht
191 2879 252 2933 blos
280 2878 389 2933 damals
419 2877 538 2933 eandem
564 2876 644 2932 fiber·
719 2895 748 2932 er
762 2877 897 2934 Schlacht
910 2881 1052 2935 entwader
1070 2880 1117 2934 bei
1136 2880 1191 2936 den
1209 2876 1260 2935 drz-

82 2952 186 3020 haupt,
219 2949 306 3004 daher
337 2948 387 3004 das
419 2949 546 3004 Prtsens.
592 2947 645 3002 Die
699 2951 836 3004 aamercort
855 2950 924 3004 oder
945 2950 992 3006 bei
1014 2952 1069 3006 den
1088 2946 1196 3022 ἑταῖροι
1216 2948 1261 3006 ἴπ-

82 3022 209 3076 Phrasen
220 3037 356 3090 paucam,
366 3021 504 3090 praetium
516 3020 646 3075 invadere
699 3027 763 3082 πεῖς
780 3020 876 3076 seinen
894 3019 973 3075 Plata
997 3021 1206 3079 einaunehmen.
1227 3055 1260 3062 —

83 3093 206 3146 aratra
220 3091 282 3146 sind
296 3093 371 3160 poet.
387 3109 415 3145 n.
429 3090 644 3146 nachclassisch.
699 3092 769 3161 ipsi
801 3092 827 3146 d.
860 3092 888 3147 h.
921 3092 970 3147 sia
1004 3093 1071 3146 und
1103 3093 1262 3148 niemand

121 3170 146 3217 3.
165 3163 296 3232 sapitta
313 3163 408 3217 ictae.
445 3161 581 3216 Dasselba
598 3162 646 3217 be·
700 3161 833 3217 andere.

84 3235 189 3289 richtet
202 3233 276 3289 auch
289 3233 403 3301 Arrian,
422 3233 551 3303 dagegen
564 3231 645 3287 weiss
735 3239 760 3288 9.
778 3235 893 3289 ambire
910 3232 1033 3288 ntmlich
1052 3233 1181 3289 lecticam.

85 3323 116 3359 er
142 3303 235 3359 nichts
261 3321 318 3358 von
345 3303 394 3358 der
421 3301 460 3356 im
484 3303 647 3374 Folgenden
737 3309 779 3357 10.
805 3304 1033 3369 Maracanda,
1055 3303 1127 3372 jetat
1151 3304 1261 3359 Samar-

85 3376 248 3430 erwahnten
257 3373 477 3429 Gesandtschaft
485 3374 544 3428 und
555 3373 646 3428 ihrem
699 3373 785 3442 kand,
799 3373 844 3427 dia
855 3373 1028 3442 Hauptstadt
1041 3391 1096 3429 von
1109 3374 1260 3445 Sogdiana.

84 3445 248 3512 seltsamen‚
276 3445 356 3500 nicht
379 3444 460 3499 recht
486 3443 648 3514 glaubwur-
701 3475 734 3485 -
754 3444 978 3514 amplectitur.
1016 3443 1126 3500 Ebenso
1146 3446 1262 3502 saltsam

33 3541 36 3553 =
84 3517 171 3585 digen
188 3516 345 3571 Anftreten.
700 3514 890 3585 ausgedrdclrt
914 3514 967 3569 wie
991 3520 1015 3569 5.
1041 3522 1062 3568 1.
1083 3523 1118 3572 26
1143 3519 1263 3573 ambitae

122 3592 148 3642 4.
164 3587 300 3656 fefellit.
328 3587 390 3641 Dan
404 3584 565 3641 Grtcismus
578 3586 648 3652 fallo
701 3587 790 3655 operta
800 3584 1057 3642 OOOLXVstadta
1067 3590 1261 3658 complectitmr.

84 3666 111 3713 ta
135 3660 179 3726 (=
202 3654 338 3712 λανθάνω
363 3659 404 3727 σε)
430 3673 453 3712 c.
474 3655 573 3726 partic.
597 3656 649 3711 hat
739 3663 780 3712 11.
800 3657 969 3712 Abiorum.
1002 3657 1082 3713 Auch
1101 3661 1202 3715 Arrian
1221 3677 1262 3716 ar·

86 3729 190 3784 bereits
208 3729 312 3783 Livius.
701 3728 798 3782 wthnt
815 3726 845 3781 in
862 3727 1003 3798 glaiohem
1021 3729 1264 3801 Zusammenhang

124 3805 148 3854 5.
180 3802 446 3871 mapaa'tadr'aem
478 3800 646 3867 salmaria,
702 3798 778 3853 diese
802 3797 1027 3854 Gesandtschaft.
1065 3800 1118 3855 Die
1142 3802 1262 3856 homeri·

18 3908 22 3913 -
86 3872 164 3925 kann
186 3889 239 3925 nur
261 3871 385 3925 heissen:
409 3870 455 3925 die
473 3869 647 3941 Bedeutung,
703 3870 788 3924 schen
796 3864 891 3944 Ἅβιοι,
910 3867 1086 3925 δικαιότατοι
1100 3866 1263 3940 ἀνθρώπων

87 3940 312 3996 Gefahrliohlreit
328 3942 378 3996 der
392 3942 504 3997 Wunde
519 3967 553 3988 =
567 3958 649 4011 qaam
702 3941 746 4065 qll.
771 3947 813 3995 13.
833 3944 859 4012 6)
883 3942 999 4012 glaubte
1021 3959 1088 3996 man
1111 3941 1263 4013 wiederge-

85 4029 172 4082 9raae
190 4017 255 4066 esset
272 4013 381 4068 calmas.
714 4011 807 4066 unden
821 4031 855 4066 au
873 4013 965 4068 haben
979 4013 1009 4066 in
1023 4013 1115 4068 einem
1131 4013 1263 4069 biederen

124 4088 149 4138 8.
174 4083 356 4138 certabant.
400 4084 436 4140 So
460 4101 483 4139 e.
506 4082 555 4138 inl.
577 4084 651 4138 auch
703 4082 864 4138 undfreien
877 4083 1120 4153 Scythenstamme
1133 4085 1264 4139 nbrdlich

85 4164 112 4212 9.
137 4162 162 4208 4.
187 4160 229 4207 33.
272 4153 300 4208 S.
322 4155 394 4212 Einl.
419 4160 434 4220 ἕ
458 4161 493 4210 34
515 4155 542 4210 b.
566 4173 591 4223 p.
615 4184 650 4197 -
703 4170 768 4209 vom
779 4153 935 4211 Tarnaia-
951 4156 1052 4209 tiberi
1067 4196 1073 4208 .
1089 4198 1118 4210 ..
1132 4156 1264 4222 sactara'

84 4243 157 4282 cam
181 4225 303 4294 quibas
324 4243 383 4280 rea
402 4227 538 4294 proelia
561 4226 651 4280 taire
704 4225 806 4295 gehtrt
818 4225 928 4294 logisoh
942 4226 1137 4291 auAbioram;
1152 4226 1264 4281 dieAn-

85 4299 213 4353 solitas
240 4301 329 4363 erat,
357 4295 438 4351 Sina:
473 4296 522 4350 ‘in
549 4296 650 4350 deren
703 4297 812 4365 ftigung
829 4295 866 4351 ist
883 4296 945 4351 aine
964 4295 1041 4353 freis.
1079 4294 1210 4352 Gameint
1227 4298 1266 4352 ist

86 4369 189 4422 Mitte
204 4367 277 4421 erin
291 4366 650 4422 deameistenSchlaehten
703 4367 835 4437 fibrigens
860 4366 922 4420 hier
950 4367 998 4422 der
1024 4367 1194 4437 Haeremus,
1221 4300 1332 4515 λιι.

142 4469 239 4516 Voonn,
253 4465 279 4515 Q.
294 4464 393 4508 (turtius.
420 4466 452 4507 11.
1051 4463 1071 4510 fs
