2790 4792
116 196 180 260 108
582 195 614 261 Q.
634 194 745 249 CURTI
762 195 850 250 mm

62 371 98 420 te
116 359 217 422 tuisse
239 379 377 441 usquam
399 357 599 441 Philippum.
639 356 749 421 Laude
771 357 890 440 dignos
912 378 994 439 esse,
1015 378 1085 422 non
1106 357 1166 442 qui
1184 354 1296 424 Samo

115 447 265 511 thracum
295 446 394 510 initia
419 446 576 530 viserent,
604 467 678 510 cum
700 445 817 510 Asiam
846 446 896 510 uri
918 445 1107 529 vanamque
1129 448 1297 529 oporteret

64 547 99 597 27
118 535 175 600 sed
197 557 263 618 eos,
285 535 341 618 qui
363 534 587 618 magnitudine
608 556 717 598 rerum
738 533 837 599 fidem
856 534 1117 600 antecessissent
1151 532 1247 600 Haec
1263 539 1327 604 etl

116 624 169 687 his
200 623 322 687 similia
352 623 432 687 laeti
464 624 596 688 audiere
627 624 774 707 iuvenes,
811 623 945 707 ingrata
977 622 1161 688 senioribus
1193 629 1296 708 aaut

62 724 98 774 28
115 711 257 776 maxime
286 715 422 795 propter
447 711 651 796 Philippum,
683 712 744 776 sub
776 734 841 796 quo
873 711 995 776 diutius
1023 711 1190 776 vixerant:
1222 734 1296 778 cum

116 798 237 884 Clitus,
259 821 303 864 ne
325 800 396 885 ipse
419 801 549 884 quidem
572 801 655 865 satis
679 800 823 883 sobrius,
844 800 888 864 ad
909 822 976 883 eos,
997 800 1054 885 qui
1075 800 1166 865 infra
1187 801 1296 885 ipsum

115 888 293 972 cubabant,
321 909 496 954 conversus
522 889 690 972 Euripidis
720 889 851 954 rettulit
877 910 1024 972 minen,
1053 887 1104 952 ita
1129 893 1171 954 ut
1196 911 1296 955 sonus

63 989 99 1039 ta
116 978 223 1062 magis
246 999 345 1061 quam
369 999 475 1042 sermo
498 978 645 1042 exaudiri
667 980 781 1061 posset
802 1000 824 1042 a
840 998 933 1063 rege,
955 998 1021 1062 quo
1038 977 1297 1062 significabatur,

116 1066 204 1129 male
217 1065 400 1130 instituisse
414 1065 567 1149 Graecos,
585 1065 671 1151 quod
685 1066 831 1149 tropaeis
848 1087 964 1152 regum
976 1065 1150 1130 dumtaxat
1161 1068 1297 1133 nomina

115 1154 347 1219 inscriberent:
375 1155 482 1219 alieno
510 1155 598 1220 euim
625 1156 784 1237 sauguine
812 1159 944 1239 partam
970 1154 1113 1238 gloriam
1133 1155 1297 1241 intercipi.

115 1241 231 1327 Itaque
249 1264 316 1325 rex,
336 1263 412 1308 eum
432 1244 649 1327 suspicaretur
662 1243 839 1327 malignius
851 1243 1003 1308 habitum
1016 1263 1089 1307 esse
1103 1264 1297 1330 sermonem,

63 1344 99 1393 to
116 1331 304 1415 percontari
325 1332 493 1415 proximos
515 1332 636 1416 coepit,
664 1331 804 1416 quidex
826 1329 915 1397 (llito
937 1331 1114 1411 audimeut
1158 1331 1207 1398 he
1227 1333 1297 1398 illis

116 1419 158 1483 ad
187 1419 350 1484 silendum
378 1420 553 1485 obstinatis
576 1417 685 1485 Clitus
712 1419 873 1504 paulatim
899 1420 1024 1486 maiore
1046 1441 1127 1486 voce
1148 1419 1298 1507 Philippi

117 1511 193 1572 acta
214 1508 365 1592 bellaque
387 1509 422 1572 in
443 1507 581 1574 Graecia
602 1512 697 1593 gesta
718 1512 964 1591 commemorat,
985 1508 1097 1575 omnia
1117 1510 1297 1593 praesenti·

63 1609 98 1658 σι
117 1595 181 1659 bus
207 1597 404 1679 praeferens.
447 1596 534 1662 Hinc
560 1598 648 1663 inter
673 1597 818 1663 iuniores
845 1618 1002 1682 senesque
1029 1600 1105 1662 orta
1126 1599 1297 1665 contentio

117 1688 181 1748 est:
217 1689 251 1749 et
281 1707 354 1767 rex,
385 1686 477 1750 velut
508 1686 671 1771 patienter
702 1685 843 1771 audiret,
878 1686 953 1771 quis
983 1683 1091 1752 clitus
1123 1687 1299 1752 obterebat

63 1787 99 1835 32
116 1772 230 1837 laudes
253 1773 336 1858 eius,
363 1775 531 1859 ingentem
558 1775 642 1839 iram
669 1779 871 1858 conceperat
914 1773 1067 1840 Ceterum
1089 1795 1165 1840 cum
1186 1777 1298 1841 animo

116 1861 280 1926 videretur
301 1863 527 1947 imperaturus,
550 1864 579 1928 si
600 1863 700 1927 finem
722 1864 905 1948 procaciter
926 1867 1000 1929 orto
1023 1864 1167 1928 sermoni
1189 1862 1297 1930 Clitus

65 1963 100 2012 tt
118 1950 304 2034 inponeret,
330 1951 416 2015 nihil
443 1973 482 2016 eo
508 1953 700 2017 remittente
723 1952 829 2036 magis
853 1952 1117 2035 exasperabatur.
1160 1951 1297 2038 Iamque

119 2035 223 2103 clitus
251 2040 351 2104 etiam
377 2039 627 2105 Parmenionem
654 2039 826 2105 defendere
853 2040 996 2104 audehat
1021 2043 1055 2104 et
1079 2039 1232 2125 Philippi
1258 2041 1297 2107 de

117 2126 375 2193 Atheniensibus
404 2128 577 2194 victoriam
604 2129 793 2194 Thebarum
822 2128 1029 2213 praeferebat
1057 2128 1200 2213 excidio,
1230 2152 1297 2196 non

65 2229 100 2277 34
117 2216 193 2281 rino
217 2217 329 2301 modo,
352 2217 408 2281 sed
430 2217 530 2282 etiam
553 2218 655 2282 animi
672 2239 777 2302 prava
794 2218 1002 2282 contentione
1019 2221 1205 2301 provectus.
1246 2219 1297 2284 Ad

120 2442 126 2453 ι
153 2377 196 2426 26.
216 2371 469 2428 Samothracum
487 2376 601 2429 initio.
627 2374 678 2455 Als
732 2391 792 2427 war
808 2373 854 2427 die
874 2372 1079 2460 Stelletlurip,
1094 2373 1231 2461 hndrom.
1245 2381 1297 2458 ott

4 2521 9 2530 '
113 2444 679 2582 ffipgffiyffieagpnhpffitpgphvgltmspppnm
732 2444 889 2584 ξομίὲεῗισῖιιὶ
905 2445 1297 2602 &effigiatim

115 2585 226 2653 thrake,
240 2585 286 2640 die
299 2587 392 2641 neben
406 2587 461 2640 den
474 2586 679 2641 eleusinischen
733 2583 820 2655 στήσῃ
848 2604 978 2653 aporos,
998 2587 1004 2653 Ι
1024 2604 1060 2639 oo
1085 2605 1144 2639 sm
1175 2605 1297 2642 zoccos·

116 2654 146 2709 in
164 2655 317 2711 besonders
335 2658 440 2712 hohem
453 2658 584 2712 Ansehen
602 2659 678 2711 stan-
732 2676 789 2710 eos
813 2649 933 2724 τοῦργον
954 2651 1094 2725 ἡγοῦνται
1115 2651 1197 2722 τόδε,
1213 2659 1219 2727 Ι
1235 2653 1295 2712 eu’

116 2725 180 2793 den,
194 2727 350 2781 einweihen
363 2729 457 2782 lassen
466 2729 524 2782 und
534 2730 580 2783 hei
589 2729 680 2782 dieser
734 2722 750 2782 ὁ
773 2724 927 2797 στρατηγὸς
950 2724 1003 2796 τὴν
1027 2723 1146 2796 δόκησιν
1176 2724 1298 2796 ὄρνυται

116 2797 303 2864 Gelegenheit
324 2797 371 2852 die
390 2799 612 2854 Behanntschaft
630 2798 681 2853 der
732 2802 790 2852 uel.
813 2828 848 2838 -
876 2798 1043 2867 intercipi
1068 2814 1105 2852 sc.
1132 2815 1153 2852 o
1178 2801 1297 2870 recubus.

117 2865 261 2934 Olympias
283 2869 430 2936 gemacht,
456 2869 531 2926 Plut
553 2870 634 2924 Alex.
653 2875 678 2923 2.
733 2869 881 2923 Ausdruch
910 2869 963 2923 wie
986 2873 1012 2923 8.
1037 2875 1080 2924 17.
1105 2899 1140 2910 -
1168 2872 1298 2941 itaque,

115 2935 173 2989 Der
201 2938 278 2991 Sohn
307 2938 385 2992 wirft
411 2939 474 2993 hier
500 2940 565 2994 dem
593 2941 680 2993 Vater
733 2941 758 2994 d
779 2941 807 2993 h
830 2942 899 3008 quio
919 2956 1018 2994 mon
1034 2941 1124 3012 mois
1141 2957 1227 3010 qum
1243 2958 1297 2997 ser·

116 3023 181 3074 vor,
208 3007 271 3060 dass
294 3025 325 3061 er
347 3008 377 3060 in
400 3009 491 3062 einum
515 3010 596 3064 Alter
618 3027 680 3064 eom
732 3027 836 3065 moneo
862 3012 1058 3077 exaudiverat,
1085 3012 1159 3065 doch
1185 3012 1227 3067 ist
1252 3012 1298 3068 die

116 3077 195 3158 A3u.
214 3084 348 3158 oporteret
365 3078 410 3131 fur
433 3079 543 3134 solches
561 3080 679 3164 Possen-
734 3081 911 3164 consecutive
924 3079 1009 3136 Kraft
1021 3080 1072 3135 der
1084 3081 1213 3137 Partikel
1227 3083 1297 3151 hier,

116 3148 680 3290 testemteste-usts
801 3151 1298 3291 eiectamenta

116 3291 680 3358 geweihtenderhochstenStufehiessen
733 3293 819 3361 dient,
833 3293 1298 3365 denFadenderErahhlungwie·

117 3357 262 3430 ἐπόπται),
287 3362 358 3417 doch
382 3364 460 3418 kann
483 3381 513 3418 ea
530 3364 605 3418 auch
622 3364 679 3418 ein-
734 3363 784 3417 der
802 3364 1006 3433 anxukntpfen.
1039 3363 1178 3420 munch:
1201 3366 1298 3434 hura,

117 3432 183 3486 lach
208 3457 242 3477 =
271 3435 367 3498 adire,
394 3436 521 3490 interesse
548 3435 616 3489 sein.
644 3464 679 3474 —
734 3451 854 3505 genug.
882 3465 918 3475 -
941 3435 1163 3504 molipaiua,
1196 3437 1241 3491 als
1269 3454 1298 3491 es

117 3504 393 3572 antecessissent,
406 3506 530 3560 ntmlich
543 3506 577 3559 in
590 3506 679 3560 dem·
733 3506 809 3560 wohl
827 3507 906 3560 sonat
927 3505 958 3559 iu
979 3507 1106 3575 crregter
1128 3506 1298 3564 Weinlaune

117 3571 236 3626 selben
254 3573 487 3629 Lebensalter.
515 3576 620 3646 tgna.
637 3583 679 3632 13.
733 3593 768 3629 zu
786 3575 945 3646 geschehen
963 3576 1075 3645 pilegte.
1112 3575 1298 3634 Uebersetse:

118 3649 150 3697 11
169 3644 285 3708 fortuma
301 3645 383 3711 fidem
400 3649 547 3701 excedente.
735 3647 996 3702 ‘absonderlich
1022 3647 1150 3716 boshait,
1177 3649 1299 3704 schari'.

152 3719 196 3768 2⁷.
229 3716 365 3770 iuvenes
390 3742 424 3762 =
449 3719 589 3785 iusisse,
621 3718 678 3787 vgl.
769 3723 812 3770 32.
846 3734 915 3771 com
946 3718 1122 3773 videretur
1152 3719 1297 3790 impero-

116 3790 178 3849 §31
200 3786 272 3839 inter
287 3787 409 3841 ianime
422 3804 555 3858 seneeque.
569 3790 679 3843 —sub
733 3792 831 3843 turus
848 3813 883 3834 ε-
902 3789 996 3843 eones
1019 3784 1158 3858 ἐγκρατὴς
1175 3784 1215 3845 ἂν
1239 3789 1298 3846 ἔσε-

116 3873 186 3925 quo.
205 3856 677 3914 AuchvereinaeltbeiCIassikern:
732 3861 804 3911 σθαι
822 3858 872 3926 τῆς
889 3855 987 3928 ὀργῆς,
1007 3858 1035 3913 sl
1048 3858 1200 3917 παύσαιτο.
1233 3862 1298 3933 vgt

116 3928 168 3982 aab
186 3928 280 3996 aliquo
297 3929 393 3995 (duce,
410 3934 481 3998 repe)
501 3947 564 3997 ease,
581 3933 679 3997 meere,
735 3927 791 3983 (lic.
809 3929 885 3984 Lael.
905 3936 940 3984 82
959 3932 1162 4000 eupiditatebus
1179 3935 1297 4002 impers-

117 3999 246 4053 militare.
735 4001 804 4054 hamt
816 4019 843 4054 u.
856 4003 944 4054 unten
957 4007 982 4055 4.
993 4007 1037 4055 24.
1050 4031 1088 4043 -
1104 4004 1298 4059 remittente

153 4076 197 4124 28.
225 4070 331 4136 infra
358 4072 492 4136 ipsum,
520 4070 581 4125 also
606 4072 680 4126 noch
733 4071 1296 4139 wiernnittitdolormentuebeiclmi·

117 4140 216 4194 veiter
246 4155 313 4193 vom
343 4139 454 4210 Konige
486 4141 616 4196 entfernt.
645 4173 680 4182 -
734 4141 1296 4212 kern-exasperabatur,einliria·

117 4225 222 4263 sermo
245 4235 278 4255 =
302 4211 500 4266 bestimmte
525 4213 679 4266 eiurelne
733 4212 846 4267 nischer
863 4213 1019 4269 Ausdruelr.

119 4280 243 4335 Worte.
380 4307 384 4312 ·
770 4284 1296 4351 repraesentationem

43 4338 76 4496 ι
148 4353 192 4403 29.
225 4365 291 4419 quo
316 4352 603 4423 ez'qnisicahotor.
643 4352 681 4408 Es
734 4355 773 4409 tto
786 4353 825 4409 ist
837 4353 911 4409 hier:
927 4354 1180 4426 Hartuttehigkeit,
1198 4354 1296 4412 Streit-
