2790 4792
350 213 607 271 HISTORIARUM
623 214 840 272 ALEXANDRI
857 217 905 288 VI,
925 224 948 272 7.
1195 219 1237 284 31

63 381 228 463 conperta.
276 379 357 443 Tam
385 400 441 442 rex
471 377 646 443 identidem
670 400 841 464 quaerens,
869 401 911 444 an
933 379 1088 446 Philotan
1112 381 1243 467 adisset,
1261 411 1295 460 28

63 490 105 532 an
133 468 310 532 institisset
337 467 381 550 ei,
412 470 450 531 ut
481 467 688 551 pervenirent
714 468 755 532 ad
782 489 829 552 se,
862 473 1087 552 perseverante
1116 492 1153 535 eo
1188 471 1243 536 ad·

61 559 207 640 firmare,
236 577 318 640 quae
342 556 480 640 dixerat,
509 577 624 620 manus
653 555 694 620 ad
717 556 843 621 caelum
870 557 1004 622 tendens
1036 559 1243 624 manantibus

62 645 209 710 lacrimis
242 645 326 710 hane
355 644 419 709 sibi
449 666 469 708 a
496 644 665 710 carissimo
698 644 860 730 quondam
894 646 1071 711 amicorum
1103 647 1243 713 relatam

63 734 207 819 gratiam
232 733 434 817 querebatur.
479 731 569 797 Inter
591 732 671 798 haec
693 733 841 818 Dymnus
864 733 951 799 haud
973 735 1121 819 ignarus,
1145 758 1243 819 quam
1262 761 1296 810 29

63 823 106 888 ob
131 843 262 887 causam
281 824 498 886 accerseretur
521 843 541 886 a
563 842 654 907 rege,
677 821 801 907 gladio,
825 844 888 907 quo
911 822 997 888 forte
1016 827 1087 888 erat
1109 823 1244 909 cinctus,

63 911 208 996 graviter
231 932 266 975 se
288 911 437 974 vulnerat
460 930 659 995 occursuque
686 911 867 976 satellitum
894 911 1054 976 inhibitus
1081 913 1244 996 perfertur

63 1002 99 1066 in
121 999 255 1084 regiam.
297 997 399 1074 Quem
417 999 547 1063 intuens
570 1020 640 1083 rex,
664 997 791 1084 ‘Quod',
813 1000 934 1084 inquit,
962 999 1008 1063 ‘in
1030 1003 1077 1083 te,
1105 999 1242 1085 Dymne,
1262 1027 1297 1076 30

63 1093 193 1154 tantum
216 1088 360 1173 cogitavi
381 1086 487 1171 nefas,
510 1089 548 1151 ut
569 1087 633 1152 tibi
655 1086 870 1153 Macedonum
892 1108 994 1173 regno
1018 1087 1146 1174 dignior
1167 1089 1243 1155 Phi·

64 1179 150 1243 lotas
178 1197 229 1240 me
258 1198 385 1261 quoque
414 1176 486 1260 ipso
513 1174 713 1240 videreturl'
758 1175 857 1242 Illum
887 1176 954 1242 iam
982 1177 1145 1243 defecerat
1172 1199 1244 1246 vox.

64 1266 180 1350 Itaque
205 1265 291 1330 edito
315 1264 439 1350 gemitu
458 1264 614 1348 vultuque
634 1285 653 1328 a
672 1266 847 1349 conspectu
865 1266 952 1350 regis
972 1288 1086 1331 averso
1105 1267 1243 1332 subinde

66 1355 239 1436 conlapsus
264 1353 473 1438 extinguitur.

10 1440 49 1505 28
149 1442 218 1507 Rex
245 1441 379 1506 Philota
405 1442 514 1506 venire
541 1441 577 1506 in
603 1441 730 1524 regiam
757 1442 862 1527 iusso,
889 1440 1098 1528 ‘Cebalinus',
1125 1444 1243 1530 inquit,
1262 1469 1295 1517 31

62 1532 225 1597 ‘ultimum
254 1531 448 1615 supplicium
476 1530 627 1615 meritus,
655 1530 684 1594 si
709 1531 743 1595 in
766 1536 865 1616 caput
885 1553 1000 1597 meum
1027 1535 1241 1617 praeparatas

60 1620 197 1685 insidias
225 1619 325 1684 biduo
347 1619 444 1702 texit,
471 1617 567 1683 huius
595 1619 739 1684 criminis
762 1618 918 1685 Philotan
945 1642 1037 1685 reum
1060 1622 1242 1705 substituit,

62 1709 103 1773 ad
122 1731 216 1793 quem
235 1708 385 1792 protinus
404 1706 559 1772 indicium
579 1706 734 1772 detulisse
754 1728 788 1772 se
803 1707 964 1773 adfirmat.
1000 1707 1071 1784 Quo
1090 1710 1243 1794 propiore

62 1797 165 1883 gradu
194 1796 354 1861 amicitiae
382 1817 434 1861 me
463 1795 641 1881 contingis,
668 1796 731 1860 hoc
757 1797 863 1861 maius
892 1799 943 1861 est
970 1796 1239 1862 dissimulationis
1260 1822 1294 1870 32

61 1893 137 1951 tuae
169 1885 295 1950 facinus
324 1888 358 1950 et
390 1905 450 1970 ego
479 1881 635 1950 Cebalino
663 1884 769 1970 magis
798 1906 896 1971 quam
922 1883 1074 1950 Philotae
1103 1884 1138 1948 id
1166 1907 1240 1951 con·

61 1976 170 2040 venire
192 1973 308 2041 fateor.
346 1972 524 2039 Faventem
546 1973 647 2039 babes
671 1972 825 2057 iudicem,
848 1974 889 2052 si,
913 1973 999 2058 quod
1022 1973 1154 2038 admitti
1176 1996 1243 2040 non

62 2063 219 2147 oportuit,
243 2063 362 2128 saltem
384 2062 519 2148 purgari
541 2059 671 2146 potest'.
710 2061 762 2126 Ad
784 2061 865 2127 haec
882 2061 1031 2127 Philotas
1054 2062 1141 2127 haud
1165 2083 1242 2128 sane
1262 2087 1297 2136 33
1366 2096 1373 2108 .

60 2151 221 2234 trepidus,
255 2152 283 2215 si
315 2151 441 2216 animus
474 2150 568 2216 vultu
601 2149 843 2225 aestimaretur,
881 2148 1075 2216 Cebalinum
1113 2150 1243 2236 quidem

62 2241 162 2305 scorti
190 2261 372 2305 sermonem
400 2239 442 2304 ad
466 2261 500 2304 se
528 2238 699 2323 detulisse,
728 2239 784 2304 sed
807 2239 915 2323 ipsum
937 2243 1006 2304 tam
1027 2240 1093 2304 levi
1116 2241 1243 2305 auctori

61 2328 145 2393 nihil
166 2328 340 2393 credidisse
357 2328 539 2413 respondit,
562 2327 714 2412 veritum,
735 2349 778 2393 ne
798 2327 941 2412 iurgium
959 2328 1044 2393 inter
1063 2333 1242 2394 amatorem

63 2421 96 2482 et
124 2417 287 2483 exoletum
313 2438 379 2482 non
406 2419 475 2483 sine
505 2417 574 2482 risu
606 2417 745 2482 aliorum
772 2415 955 2482 detulisset:
988 2438 1062 2481 oum
1093 2417 1242 2501 Dymnus
1261 2441 1297 2490 34

64 2508 169 2570 semet
196 2506 411 2589 interemerit,
440 2505 688 2590 qualiacumque
712 2511 817 2588 erant,
846 2526 913 2570 non
939 2504 1041 2570 fuisse
1068 2506 1242 2571 reticenda.

64 2592 312 2677 Conplexusque
331 2614 440 2679 regem
461 2615 554 2659 orare
574 2594 695 2678 coepit,
717 2597 755 2658 ut
773 2593 984 2677 praeteritam
1002 2593 1104 2657 vitam
1124 2595 1243 2677 potius,

64 2705 162 2767 quam
182 2683 319 2767 culpam,
338 2682 460 2747 silentii
478 2685 598 2768 tamen,
616 2703 682 2748 non
700 2680 780 2747 facti
797 2680 906 2765 ullius,
925 2681 1115 2747 intueretur.
1145 2680 1242 2748 Haud
1261 2704 1295 2754 35

63 2891 136 2946 Phil.
156 2908 227 2960 ganz
246 2891 453 2962 geschwiegem
478 2892 536 2946 eret
550 2891 626 2962 jetzt
715 2897 758 2946 31.
778 2892 828 2949 si.
844 2932 850 2946 .
865 2891 1126 2947 lecit=wenner
1138 2890 1241 2946 witk-

64 2962 144 3031 giebt
162 2977 193 3015 er
211 2962 261 3016 das
276 2960 451 3018 (leheimniss
469 2962 559 3034 prais,
577 2981 625 3018 um
679 2962 751 3017 lich
769 2961 949 3033 verschwieg.
987 2961 1024 3017 So
1047 2963 1074 3018 si
1091 2962 1243 3018 damnabat

66 3032 127 3086 sich
145 3050 180 3086 zu
197 3034 298 3088 retten.
678 3036 767 3089 unten
786 3038 801 3099 ς
818 3039 867 3101 12;
883 3033 909 3088 si
926 3048 1028 3088 emeras
1044 3031 1100 3088 Cic.
1119 3033 1149 3086 in
1162 3034 1241 3088 Verr.

100 3109 142 3158 28.
162 3104 344 3158 identidem
367 3120 543 3174 quaerens,
568 3105 625 3173 vgl.
680 3110 705 3159 4.
728 3109 777 3172 433
804 3105 830 3159 si
856 3104 1038 3158 semicoctae
1061 3103 1191 3158 ebendas.
1216 3110 1241 3160 3.

63 3174 123 3228 Liv.
136 3181 159 3229 1.
169 3179 193 3228 9,
206 3179 238 3227 12
253 3175 457 3233 concitarentur
469 3177 625 3232 identidem.
682 3179 742 3232 112.
776 3174 857 3229 Alex.
880 3174 919 3229 ist
940 3191 996 3229 von
1020 3174 1070 3229 der
1092 3173 1244 3229 Wahrheit

66 3245 205 3314 Quaerens
229 3245 267 3299 ist
289 3245 339 3300 das
357 3247 430 3315 part.
453 3246 533 3318 impl.
570 3246 627 3302 Der
681 3245 731 3300 der
752 3246 899 3316 Ausuagen
923 3245 971 3300 des
995 3243 1060 3300 Ceb.
1083 3243 1140 3299 fest
1161 3245 1242 3299 uber·

64 3315 158 3385 Konig
188 3315 370 3373 wiederholte
395 3317 496 3373 immer
525 3317 627 3372 wieder
680 3317 764 3386 aeugt
789 3316 847 3371 und
867 3315 929 3371 will
955 3331 1012 3370 von
1033 3314 1163 3371 Philotas
1189 3333 1244 3370 nur

64 3386 220 3512 uelut
241 3387 526 3528 lectulum
545 3387 628 3514 llll
681 3386 887 3528 &luade
900 3387 1046 3527 alal
1059 3385 1156 3526 sus
1173 3387 1243 3514 llll·

66 3529 154 3584 Pleil.
182 3530 317 3584 adisset.
363 3529 544 3585 Uebersetze:
579 3529 627 3584 ‘ob
680 3526 918 3597 bringenkonne.
938 3529 1242 3585 -dissimulatio-

66 3616 95 3653 er
128 3599 190 3655 sich
217 3599 378 3655 wirlrlich
411 3616 448 3656 an
474 3598 548 3655 Phil.
579 3615 627 3671 ge·
680 3600 743 3654 uis.
782 3597 853 3653 Eine
876 3599 941 3656 diss.
964 3599 1014 3670 lag
1035 3599 1160 3655 insolern
1183 3618 1242 3671 vor,

65 3670 176 3724 wendet
193 3671 275 3727 habe.
304 3669 362 3726 Der
374 3671 468 3742 Kbnig
484 3670 557 3727 hefft
569 3672 627 3727 und
681 3669 724 3725 als
742 3669 815 3724 Phil.
839 3667 920 3724 nicht
941 3669 1018 3725 bloss
1056 3671 1243 3744 eschwiegen,

65 3741 207 3808 uttrecht,
239 3742 338 3811 irgend
366 3743 448 3798 einen
479 3742 526 3797 fur
551 3742 626 3798 Phil.
681 3740 801 3796 condem
814 3739 885 3809 Arg·
898 3688 1177 3811 und'Sorglosiglreit
1194 3759 1242 3814 ge-

65 3811 261 3867 entlastenden
302 3813 440 3868 Umstand
485 3832 520 3868 zu
564 3829 625 3871 ver·
679 3811 814 3867 heuchelt
830 3811 911 3865 hatte
929 3811 956 3878 (ξ
976 3814 1028 3879 19).

64 3884 193 3939 nchmen.
225 3881 278 3967 llic
296 3883 404 3954 Ellipse
423 3885 472 3940 des
492 3883 625 3955 Subjekts
715 3888 759 3966 ee,
773 3881 1148 3965 aestimareturfflotent.
1162 3898 1242 3951 prse-

117 3957 627 4083 .‘.l.²²..>
679 3955 1243 4080 s...

64 4098 194 4166 geregter
213 4097 298 4153 Rede.
682 4095 763 4151 einen
772 4094 887 4150 Schluss
901 4092 952 4150 anf
963 4108 1023 4148 scrn
1036 4093 1149 4147 Inneres
1163 4092 1243 4147 hatte

100 4174 144 4222 29.
164 4184 260 4237 quom
279 4169 316 4224 ob
340 4185 404 4224 rem
422 4184 497 4236 cca,
515 4185 536 4223 s.
555 4169 628 4223 oben
682 4167 801 4222 machon
818 4165 930 4221 wollen.

65 4243 144 4303 §24-
169 4255 442 4310 -occursuqua
489 4238 628 4310 Quaad-
718 4243 761 4293 34.
797 4251 864 4291 noa
908 4237 1016 4304 fuisse
1061 4233 1242 4288 reticendo.

65 4309 221 4365 versatis
245 4311 299 4366 wie
322 4318 347 4366 l.
368 4316 392 4368 7.
411 4317 459 4377 263
488 4314 514 4366 8.
532 4315 557 4366 9.
581 4314 629 4378 293
683 4307 876 4378 Vollrtbndigz
894 4309 992 4364 seiam
1009 4305 1174 4374 inlellcycra
1191 4305 1244 4359 cllo

65 4386 277 4437 8.10.'lu.o.
325 4384 329 4390 '
683 4395 741 4434 nou
766 4379 788 4446 f.
811 4380 886 4436 relic.
912 4411 947 4420 —
974 4377 1109 4433 silentii
1134 4381 1244 4432 tameo
