2790 4792
308 215 563 272 HISTORIARUM
581 215 798 272 ALEXANDRI
816 215 903 286 VIIII,
923 222 947 272 7.
967 223 992 273 8.
1179 216 1244 282 195

562 377 641 445 Ces.
665 377 754 444 VIII.

17 508 63 573 30
161 504 317 569 Indorum
349 505 450 590 legati
482 504 607 569 dimissi
638 504 751 570 domos
784 505 894 588 paucis
926 509 1001 589 post
1032 506 1145 570 diebu's
1173 517 1280 571 euml

72 594 165 659 donis
198 596 414 658 revertuntur.
473 609 536 659 ccc
569 596 662 658 erant
693 593 833 677 equites,
869 612 969 658 mxxx
1003 616 1131 679 currus,
1167 617 1246 679 quos

73 681 258 769 quadriiugi
278 682 352 766 equi
371 682 537 766 ducebant,
560 681 664 748 lineae
683 682 783 747 vestis
803 682 1017 768 aliquantum,
1038 683 1129 748 mille
1154 687 1246 749 scuta

71 771 184 836 Indica
208 773 241 834 et
262 770 340 835 ferri
364 770 492 836 candidi
514 769 638 835 talenta
661 788 681 837 c
703 770 877 856 leonesque
899 793 992 837 rarae
1011 766 1245 858 magnitudinis
1264 784 1280 831 a

73 864 106 924 et
129 860 242 944 tigres,
264 861 436 944 utrum'que
460 859 582 924 animal
601 859 642 924 ad
660 859 940 925 mansuetudinem
959 861 1127 945 domitum,
1148 860 1246 926 lacer-

72 954 179 1014 tarum
204 969 327 1032 quoque
350 949 531 1034 ingentium
555 948 656 1031 pelles
679 953 712 1013 et
736 948 833 1014 dorsa
855 949 1064 1015 testudinum.
1110 946 1281 1015 Crateros

73 1037 188 1102 deinde
216 1036 357 1120 imperat
383 1058 454 1120 rex,
480 1037 566 1102 haud
595 1036 709 1122 procul
737 1059 846 1122 amne,
873 1059 931 1122 per
959 1061 1054 1123 quem
1084 1043 1154 1103 erat
1176 1039 1246 1123 ipse

73 1127 305 1211 navigaturus,
337 1126 446 1210 copias
479 1126 624 1191 duceret:
657 1147 712 1192 eos
745 1130 870 1211 autem,
903 1127 959 1213 qui
991 1127 1141 1193 comitari
1173 1149 1246 1191 eum

75 1214 237 1297 solebant,
260 1214 387 1298 inponit
409 1215 443 1279 in
466 1236 566 1280 naves
590 1218 623 1278 et
645 1215 679 1279 in
700 1214 781 1280 fines
799 1213 974 1280 Mallorum
994 1215 1132 1282 seeundo
1152 1237 1246 1280 amne

75 1303 251 1368 devehitur.
1281 1358 1285 1364 .

160 1390 240 1455 Inde
265 1389 422 1456 Sabarcas
446 1392 536 1476 adiit,
558 1391 701 1456 validam
725 1389 837 1458 Indiae
860 1396 1000 1478 gentem,
1024 1414 1106 1479 quae
1124 1393 1245 1479 populi,
1264 1407 1281 1454 4

71 1502 138 1545 non
169 1500 284 1566 regum
312 1480 449 1563 imperio
478 1481 660 1565 regebatur.
709 1498 757 1545 nx
781 1481 872 1546 milia
899 1483 1045 1566 peditum
1071 1482 1245 1567 habebant,

73 1569 217 1653 equitum
237 1591 293 1633 sex
311 1569 415 1633 milia:
437 1569 498 1633 has
517 1569 628 1653 copias
647 1590 758 1634 currus
777 1587 801 1632 1)
822 1571 1049 1655 sequebantur.
1091 1589 1131 1634 111
1150 1570 1245 1636 duces
1264 1581 1280 1631 5
1364 1625 1372 1639 .

72 1661 235 1741 spectatos
267 1658 388 1722 virtute
420 1657 539 1722 bellica
571 1657 746 1743 elegerant.
799 1658 845 1723 At
877 1660 934 1743 qui
965 1661 999 1724 in
1032 1661 1120 1742 agris
1154 1664 1246 1724 erant

71 1746 212 1830 proximi
244 1745 371 1810 flumini
398 1782 441 1793 —
470 1745 656 1832 frequentes
688 1749 798 1811 autem
825 1747 915 1812 vicos
943 1749 1083 1813 maxime
1112 1750 1146 1812 in
1173 1749 1246 1832 ripa

71 1834 237 1899 habebant
265 1871 306 1880 -
336 1837 373 1899 ut
402 1835 511 1899 videre
538 1839 645 1901 totum
673 1856 816 1919 amnem,
846 1858 910 1919 qua
936 1837 1079 1920 prospici
1107 1840 1245 1920 poterat,

70 1923 211 2007 navigiis
231 1927 434 1989 constratum
453 1927 486 1989 et
502 1927 554 1990 tot
572 1924 714 1988 militum
734 1946 826 1988 arma
843 1924 1011 2009 fulgentia,
1033 1926 1141 1990 territi
1159 1947 1246 1990 nova

71 2011 164 2095 facie,
185 2012 319 2076 deorum
342 2012 517 2078 exercitum
542 2016 575 2077 et
599 2013 699 2078 alium
721 2011 875 2078 Liberum
898 2013 1037 2098 Patrem,
1060 2013 1186 2080 celebre
1209 2015 1244 2078 in

71 2099 138 2164 illis
174 2101 325 2184 gentibus
361 2123 495 2186 nomen,
532 2101 705 2167 adventare
743 2101 926 2167 credebaut.
980 2102 1065 2169 Hinc
1102 2103 1279 2168 militumo

71 2189 207 2275 clamor,
233 2189 309 2255 hinc
336 2212 500 2256 remorum
523 2191 637 2273 pulsus
661 2190 833 2276 variaeque
857 2196 1030 2256 nautarum
1054 2213 1149 2257 voces
1172 2192 1244 2256 hor-

69 2279 210 2344 tantium
234 2279 368 2364 pavidas
392 2300 486 2343 aures
509 2278 722 2364 inpleverant.
767 2278 858 2364 Ergo
880 2282 1024 2346 universi
1043 2281 1082 2345 ad
1101 2302 1164 2360 eos,
1188 2281 1243 2365 qui
1264 2294 1278 2342 7

70 2368 105 2431 in
128 2369 226 2434 armis
251 2373 353 2452 eraut,
377 2371 519 2453 currunt,
540 2368 647 2433 furere
671 2369 889 2434 clamitantes:
917 2391 989 2434 cum
1012 2370 1061 2434 dis
1084 2369 1244 2454 proelium

71 2457 218 2540 inituros,
240 2457 373 2542 navigia
391 2479 457 2522 non
475 2478 572 2541 posse
589 2457 762 2542 numerari,
786 2479 868 2541 quae
886 2458 1024 2523 invictos
1043 2459 1130 2523 viros
1149 2459 1244 2523 vehe-

69 2549 151 2609 rent.
203 2545 408 2631 Tantumque
436 2546 470 2609 in
498 2546 673 2610 exercitum
701 2567 832 2610 suorum
859 2547 999 2612 intulere
1027 2547 1176 2631 terroris,
1207 2551 1244 2611 ut

70 2633 198 2718 legatos
222 2635 391 2700 mitterent
414 2637 543 2721 gentem
567 2634 741 2700 dedituros.

271 2861 325 2916 cn
352 2859 419 2915 vm
682 2825 772 2880 dieser
790 2824 871 2879 Fluss
895 2825 945 2880 der
962 2826 1095 2881 Acesines
1114 2841 1244 2897 gewesen

326 2901 333 2914 ’
421 2900 427 2913 ’
682 2895 1060 2952 russin—Mallorum.
1093 2897 1243 2953 Vermuth·

106 2974 129 3022 1.
149 2972 245 3022 eruat
263 2967 396 3036 equites.
431 2966 628 3022 Vermuthlieh
681 2965 740 3022 lieh
758 2967 856 3023 suchte
871 2965 901 3023 Ο.
915 2968 966 3023 das
980 2967 1082 3024 Gebiet
1101 2968 1150 3023 der
1162 2967 1243 3022 Malli

70 3054 163 3093 waren
182 3036 241 3092 dies
263 3038 308 3091 die
326 3037 398 3092 nach
412 3036 513 3092 Arrian
532 3039 569 3108 (6.
586 3044 627 3093 14.
681 3040 754 3094 nahe
779 3038 828 3093 der
850 3039 1051 3109 Einmfindung
1076 3039 1125 3095 des
1148 3039 1243 3094 Acesi-

69 3112 96 3177 3)
114 3125 169 3163 von
192 3107 350 3164 Alexander
375 3107 430 3164 den
451 3107 554 3165 Indern
578 3111 628 3166 ab·
681 3127 730 3165 nes
753 3111 783 3165 in
801 3110 856 3166 den
873 3110 971 3177 Indus,
994 3110 1031 3165 da
1053 3127 1083 3164 er
1104 3109 1144 3165 sie
1163 3116 1188 3164 4.
1209 3116 1242 3164 15

69 3179 247 3248 geforderten
260 3178 381 3235 Geiseln
406 3179 507 3235 Arrian
521 3180 629 3251 spricht
681 3198 734 3234 nur
758 3180 876 3252 dtichtig
897 3181 1026 3237 eruthnt
1048 3181 1105 3236 und
1123 3179 1169 3234 die
1187 3197 1242 3236 von

68 3249 630 3319 von1000Geiseln3vielleiohtist000
681 3257 706 3305 4.
722 3256 816 3306 15-8.
833 3257 847 3305 1
867 3252 1009 3306 erathlten
1025 3251 1184 3321 Ereignisse
1201 3251 1243 3306 im

68 3320 199 3376 verderbt
212 3338 262 3377 aus
278 3319 333 3375 010
346 3327 467 3378 =1000.
483 3351 516 3364 -
529 3324 626 3376 duoe-
681 3321 782 3375 Gebiet
805 3321 855 3375 der
873 3322 1013 3377 Sudraoae
1038 3323 1146 3392 spielen
1163 3322 1241 3378 ltsst.
1319 3382 1323 3392 ¹

68 3392 147 3446 boat
163 3392 209 3447 fiir
226 3393 357 3448 cebebant
373 3393 412 3448 ist
427 3391 556 3462 poetiseh
569 3392 628 3446 und
680 3391 761 3446 Nach
774 3391 875 3446 Arrian
887 3410 915 3449 u.
928 3409 954 3447 a
970 3394 1037 3448 aber
1050 3394 1183 3449 wohnten
1196 3393 1242 3449 die

66 3463 235 3531 nacholass.;
254 3463 342 3534 desgl.
362 3462 525 3533 quudriiapi
541 3463 628 3532 (equi)
680 3461 828 3517 Letzteren
849 3463 985 3519 sddlich
1003 3481 1060 3519 von
1079 3464 1134 3520 den
1152 3463 1241 3520 Malli.

66 3534 110 3588 fdr
128 3536 287 3605 qaodriqae.
307 3565 340 3575 —
363 3535 451 3602 ferri
473 3535 626 3602 condidi,
715 3538 741 3586 4.
763 3532 934 3590 Sabarcas
1005 3531 1178 3610 Σαμβαστάς
1195 3536 1243 3591 bei

66 3604 209 3660 entweder
240 3607 377 3662 weisses
409 3604 539 3675 Kupfer
569 3607 627 3671 (aes
680 3602 793 3660 Diodor.
822 3604 1148 3663 NaehArrianvartete
1161 3608 1241 3665 Alex.

66 3677 233 3745 candidum,
273 3672 376 3747 χαλκὸς
412 3672 522 3746 λευκός)
560 3675 627 3731 oder
681 3692 732 3730 vor
758 3674 821 3731 dem
849 3675 998 3734 Einlaufen
1022 3677 1053 3733 in
1079 3678 1134 3732 den
1157 3677 1241 3732 Indus

66 3745 149 3801 Zinn
166 3748 319 3816 (plumbum
337 3748 507 3814 mattam).
681 3744 724 3800 bis
738 3764 786 3800 zur
794 3747 1179 3816 RflckkehrdesPerdikkas,
1192 3749 1242 3804 der

102 3823 126 3872 2.
156 3821 291 3875 animal.
327 3818 421 3873 Ueber
444 3818 499 3873 den
523 3817 627 3873 eollek·
681 3816 870 3874 mittlervveile
889 3814 1116 3891 dieildooruvot,
1135 3818 1188 3874 wie
1206 3819 1240 3874 D.

65 3888 144 3943 tiven
173 3889 303 3961 Singulae
331 3907 352 3944 s.
377 3887 449 3943 llinl.
473 3894 488 3954 5
508 3894 525 3943 4
543 3905 568 3943 a.
591 3920 627 3928 —
681 3887 722 3943 sie
739 3890 839 3959 neunt,
857 3890 1044 3946 untervvorfen
1062 3891 1150 3945 hatte.
1188 3889 1240 3946 Die

64 3961 168 4015 dorsa
187 3961 250 4015 sind
268 3961 426 4028 Schalen,
439 3960 598 4028 putamina.
680 3958 832 4029 folgenden
849 3961 1086 4030 Zahlenangaben
1110 3961 1242 4017 stimmen
1361 4006 1365 4013 .

80 4036 127 4087 ⁴3.
151 4048 213 4100 per
235 4048 341 4100 quem,
363 4030 437 4085 hier:
468 4030 544 4085 ‘dem
566 4031 626 4084 ent·
680 4046 772 4101 genau
795 4029 848 4086 mit
869 4032 960 4088 denen
977 4031 1097 4087 Diodors
1115 4031 1239 4089 tiberem.
1367 4054 1375 4079 :¹

64 4102 146 4173 lang,
164 4103 289 4157 walchen
304 4101 411 4157 hinab.’
444 4101 508 4171 Vgl.
523 4100 626 4156 Oatull.
717 4106 742 4156 t.
765 4102 876 4160 aliam.
909 4103 974 4172 Vgl.
995 4110 1035 4158 10.
1055 4108 1081 4158 b.
1100 4108 1134 4157 22
1154 4105 1241 4158 olium
1350 4146 1357 4151 .

65 4179 90 4230 3.
113 4181 144 4228 11
168 4175 217 4242 qut
234 4190 308 4229 uarro
326 4174 424 4242 itper
442 4173 494 4227 iter
512 4173 626 4228 bactri·
679 4171 1173 4240 Aleaaadrumu.s.Einl.§1tc.

65 4261 157 4300 cesum
184 4245 242 4299 und
265 4244 346 4300 Diod.
373 4250 414 4300 17.
438 4249 472 4299 97
500 4239 548 4297 διὰ
575 4243 627 4298 τοῦ
716 4251 741 4301 6.
768 4246 983 4302 hortantium.
1021 4244 1176 4301 Ebenso4.
1198 4251 1240 4300 13.

65 4315 196 4385 ποταμοῦ
224 4311 273 4371 τὸν
300 4315 389 4371 πλοῦν
416 4317 564 4371 ποιεῖσθαι
591 4339 626 4361 =
681 4320 716 4370 38
730 4315 849 4372 absolut.
881 4315 1240 4387 Vgl.dbrigens4.12.20

65 4382 139 4442 nord
153 4382 203 4441 τὸν
216 4381 350 4457 ποταμόν.
370 4386 450 4442 Nach
460 4392 508 4444 6.2
518 4385 628 4442 seheint
683 4387 808 4456 freraitac
827 4404 910 4444 umes
926 4389 1098 4459 tupteuerot.
1290 4338 1316 4495 1

993 4473 1052 4530 Ab*
