2790 4792
162 235 228 300 194
629 233 661 300 Q.
681 231 791 289 curri
808 232 895 289 RUFI

164 401 363 483 sumpserat,
396 419 525 462 aueum
558 396 711 480 clipeum,
748 395 878 461 hastam
915 417 1011 480 quam
1047 395 1190 461 sarisam
1227 403 1350 464 vocant

163 488 258 552 laeva
283 491 412 570 tenens,
440 486 574 550 dextera
600 486 747 550 lanceam
776 484 950 569 gladioque
978 485 1117 569 cinctus,
1149 486 1244 550 velut
1272 508 1345 552 cum

110 586 146 636 ‘ro
164 575 313 660 pluribus
341 574 439 640 simul
465 574 686 640 dimicaturus.
735 573 919 658 Dioxippus
947 575 1019 639 oleo
1051 574 1161 639 nitens
1192 578 1228 640 et
1255 597 1346 642 coro

161 668 258 730 natus
281 665 375 730 laeva
397 663 569 749 puniceum
594 663 782 747 amiculum,
810 663 924 729 dextra
950 662 1095 729 validum
1118 663 1351 749 nodosumque

165 754 311 839 stipitem
325 753 539 837 praeferebat
575 751 626 817 Ea
643 752 716 835 ipsa
733 773 786 817 res
805 751 951 816 omnium
968 752 1095 819 animos
1115 753 1352 836 expectatione

164 842 391 927 suspenderat,
424 841 543 925 quippe
577 844 702 905 armato
735 841 888 926 congredi
917 841 1045 906 nudnm‘
1067 840 1249 926 dementia,
1283 865 1348 908 non

108 943 142 993 21
161 931 330 997 temeritas
349 930 529 997 videbatur.
566 929 673 1015 Igitur
690 928 833 1012 Macedo,
855 929 943 994 haud
961 929 1079 995 dubius
1097 930 1231 995 eminus
1250 932 1349 997 inter·

161 1019 215 1085 fici
237 1041 347 1103 posse,
374 1019 521 1084 lanceam
544 1018 668 1083 emisit:
698 1040 795 1102 quam
818 1018 1001 1102 Dioxippus
1030 1039 1104 1084 cum
1133 1019 1257 1104 exigua
1282 1043 1352 1087 cor·

26 1170 29 1178 .
166 1109 256 1193 poris
276 1108 493 1174 declinatione
511 1106 657 1190 vitasset,
681 1111 854 1191 antequam
872 1106 928 1172 ille
947 1108 1078 1173 hastam
1095 1107 1300 1176 transferret
1316 1111 1350 1175 in

112 1210 147 1258 aa
167 1198 324 1282 dextram,
347 1196 481 1261 adsiluit
503 1200 536 1260 et
559 1196 672 1280 stipite
695 1195 835 1261 mediam
858 1217 930 1260 eam
953 1195 1063 1281 fregit.
1103 1196 1241 1263 Amisso
1261 1203 1350 1264 utro·

164 1308 226 1372 que
245 1287 310 1352 telo
329 1284 463 1350 Macedo
482 1285 627 1369 gladium
646 1289 797 1368 coeperat
816 1285 986 1368 stringere.
1027 1284 1132 1361 Quem
1150 1292 1349 1372 occupatum

164 1375 323 1459 conplexu
360 1373 497 1459 pedibus
535 1376 667 1457 repente
701 1373 868 1438 subductis
900 1374 1082 1458 Dioxippus
1120 1374 1282 1442 arietavit
1318 1378 1351 1441 in

163 1468 287 1528 terram
306 1466 481 1547 ereptoque
501 1462 610 1545 gladio
628 1462 742 1546 pedem
761 1484 858 1546 super
877 1462 1034 1528 cervicem
1052 1463 1176 1527 iacenti
1191 1465 1354 1550 inposuit

165 1552 313 1636 stipitem
341 1552 509 1616 intentans
539 1549 741 1634 elisurusque
765 1573 803 1617 eo
826 1552 963 1634 victum,
989 1552 1025 1616 ni
1045 1551 1240 1634 prohibitus
1264 1558 1352 1621 esset

113 1653 148 1703 23
169 1663 188 1705 a
206 1660 292 1725 rege.
334 1639 453 1715 Tristis
473 1639 651 1722 spectaculi
671 1643 805 1705 eventus
823 1649 890 1705 no'n
907 1639 1139 1706 Macedonibus
1158 1641 1273 1728 modo,
1298 1643 1352 1709 sed

164 1729 264 1794 etiam
285 1728 472 1793 Alexandro
496 1727 571 1811 fuit,
594 1727 736 1792 maxime
759 1729 837 1814 quia
858 1728 991 1794 barbari
1014 1728 1204 1795 adfuerant:
1229 1733 1354 1818 quippe

167 1818 365 1884 celebratam
397 1816 610 1882 Macedonum
647 1816 873 1883 fortitudinem
906 1818 947 1882 ad
979 1817 1160 1892 ludibrium¹
1191 1821 1350 1887 recidisse

115 1920 151 1968 24
168 1907 350 1973 verebatur.
396 1905 482 1971 Hinc
511 1906 552 1969 ad
578 1905 840 1971 criminationem
862 1906 1045 1972 invidorum
1069 1905 1251 1991 adapertae
1277 1914 1355 1977 sunt

164 1997 252 2080 regis
283 2017 388 2060 aures.
436 1994 482 2059 Et
510 1997 586 2077 post
613 2015 734 2078 paucos
763 1995 832 2060 dies
864 1995 949 2061 inter
981 1996 1092 2080 epulas
1126 2017 1268 2063 aureum
1299 2022 1352 2084 po

165 2086 271 2150 culum
299 2106 338 2149 ex
366 2084 535 2167 conposito
564 2083 754 2149 subducitur
781 2083 1000 2169 ministrique,
1031 2084 1125 2168 quasi
1157 2087 1355 2154 amisissent

111 2172 251 2258 acquod
285 2176 486 2256 amoverant,
519 2191 631 2256 regem
664 2172 792 2237 adeunt.
843 2170 945 2258 Saepe
976 2173 1082 2237 minus
1110 2177 1162 2237 est
1196 2182 1350 2242 constan-

163 2262 229 2326 tiae
263 2262 298 2326 in
328 2261 447 2326 rubore
480 2281 578 2344 quam
611 2260 646 2325 in
679 2261 781 2344 culpa.
837 2259 1028 2327 Coniectum
1061 2262 1249 2350 oculorum,
1285 2268 1354 2352 qui-

167 2350 229 2415 bus
256 2353 294 2413 ut
317 2349 370 2413 fur
393 2349 630 2431 destinabatur,
657 2347 838 2434 Dioxippus
862 2350 946 2415 ferre
968 2371 1035 2417 non
1062 2352 1173 2433 potuit
1198 2356 1248 2436 et,
1278 2377 1349 2420 cum

167 2439 360 2503 excessisset
388 2438 551 2521 convivio,
579 2438 699 2504 litteris
728 2439 935 2522 conscriptis,
967 2460 1049 2523 quae
1076 2440 1148 2524 regi
1175 2442 1349 2508 redderen-

112 2541 147 2590 26
167 2531 236 2612 tur,
263 2527 350 2592 ferro
375 2550 409 2592 se
431 2527 606 2593 interemit.
649 2526 799 2592 Graviter
826 2531 965 2592 mortem
989 2527 1057 2592 eius
1080 2529 1160 2593 tulit
1183 2552 1258 2615 rex,
1289 2534 1348 2597 exi-

165 2618 301 2682 stimans
334 2616 568 2702 indignationis
601 2637 685 2699 esse,
716 2638 783 2680 non
814 2617 1034 2701 paenitentiae
1066 2618 1202 2703 testem,
1235 2623 1347 2707 utique

164 2711 339 2791 postquam
362 2706 445 2770 falso
469 2705 692 2769 insimulatum
721 2726 794 2769 eum
822 2705 959 2770 nimium
981 2706 1165 2771 invidorum
1190 2711 1347 2794 gaudium

165 2796 317 2860 ostendit.

166 2993 192 3042 4.
213 2993 253 3040 14.
272 2992 297 3040 5.
318 3016 351 3025 —
369 2991 568 3055 sumpserat.
605 2986 655 3040 Bei
674 2987 727 3041 den
781 2987 820 3041 ist
837 2986 883 3042 bei
901 2987 954 3042 den
969 2987 1218 3045 nachclassischen
1233 2990 1348 3047 Schrift-

167 3057 318 3128 folgenden
340 3056 500 3126 Participiis
529 3057 653 3111 schwebt
677 3058 728 3111 das
783 3058 897 3112 stellern
933 3058 1013 3112 nicht
1047 3061 1278 3128 ungewbhnlich.
1314 3093 1343 3102 -

165 3129 296 3184 Resultat
324 3127 373 3182 des
399 3143 502 3182 minae
529 3144 593 3194 vor,
623 3127 665 3180 als
692 3129 728 3181 ob
782 3130 911 3183 iacenti
928 3129 973 3183 fiir
990 3131 1141 3186 iaceatiss.
1156 3131 1341 3199 Einl.§28a

165 3200 365 3270 vorherginge:
394 3199 475 3253 iustis
503 3200 588 3254 armis
613 3204 728 3253 mactas
818 3205 860 3255 23.
886 3202 1057 3255 recidisse.
1095 3201 1131 3256 So
1151 3204 1218 3273 sagt
1237 3204 1342 3259 Cicero:

169 3276 235 3326 erat.
782 3287 824 3325 res
846 3273 944 3326 recidit
966 3272 1005 3326 act
1027 3273 1159 3340 nibilum,
1185 3276 1225 3329 ad
1243 3277 1341 3330 ianam

200 3348 242 3395 20.
266 3342 449 3410 puniceam
469 3367 503 3386 =
517 3357 728 3409 purpuream
782 3346 807 3395 et
830 3343 966 3398 lacrimas.
1008 3343 1064 3396 Der
1091 3358 1148 3399 acc.
1178 3361 1202 3399 c.
1226 3345 1277 3401 inf.
1300 3343 1342 3400 bei

164 3414 217 3467 wie
237 3419 261 3467 3.
281 3419 305 3465 3.
326 3418 368 3466 10.
387 3443 423 3452 --
437 3413 657 3481 praeferebat
675 3413 728 3465 wie
781 3415 891 3468 cereri
911 3413 951 3467 ist
973 3416 1129 3469 tusscrst
1152 3415 1268 3472 seltsn
1290 3415 1342 3471 und

164 3488 190 3537 4.
207 3488 248 3537 15.
263 3489 311 3553 273
330 3491 354 3537 6,
370 3488 394 3537 5.
409 3489 443 3538 26
462 3483 516 3536 mit
534 3483 597 3537 dem
614 3483 725 3537 Neben-
781 3484 857 3538 wohl
875 3502 929 3538 nur
946 3483 1124 3539 dichterisch.

164 3552 269 3621 begriff
291 3553 339 3606 des
364 3553 578 3610 Schaustellens.
598 3585 632 3594 -
655 3570 727 3609 aas·
818 3560 861 3609 24.
882 3560 961 3624 post
974 3571 1103 3625 paucos
1120 3557 1194 3611 dies
1213 3557 1261 3613 fiir
1273 3574 1342 3628 pua

162 3625 334 3693 penderat.
363 3623 389 3678 S.
405 3623 461 3679 Cic.
477 3624 645 3694 delegagr.
657 3630 681 3678 2.
693 3631 727 3679 66
782 3626 865 3695 cisp.
885 3627 1035 3692 diebus(8.
1057 3629 1091 3693 1).
1129 3627 1166 3681 So
1192 3626 1342 3683 seltenbei

163 3695 267 3767 plebem
291 3711 371 3748 caeca
394 3697 578 3764 expectatione
598 3697 725 3765 pendere.
782 3696 950 3751 Classikern.
983 3695 1047 3767 Vgl.
1062 3703 1127 3766 post
1145 3699 1218 3754 dmm
1237 3702 1341 3755 umam

202 3772 244 3819 21.
278 3766 402 3833 exigua
433 3783 454 3820 c.
488 3768 727 3822 declinatione.
782 3772 807 3820 3.
828 3773 932 3823 6.3u.
954 3774 995 3822 16.

166 3836 318 3891 Dieselben
337 3837 435 3902 Worte
453 3843 479 3890 4.
499 3843 523 3892 6.
545 3844 586 3894 16.
680 3862 683 3867 >
816 3843 858 3892 25.
877 3841 987 3894 misius
1001 3844 1048 3894 est
1062 3843 1280 3897 constantiae
1293 3841 1341 3896 etc.

202 3914 244 3962 22.
268 3912 518 3976 occapotnm=
539 3908 726 3978 ‘plbtzlich
781 3908 864 3963 Sinn:
897 3910 943 3966 die
972 3910 1139 3965 Schands
1172 3912 1273 3982 bringt
1303 3910 1342 3965 ott

164 3978 389 4033 fiberrascht’
401 3979 730 4048 mitdemNebenbegriff
780 3980 854 4034 noch
868 3982 949 4035 mehr
963 3997 1013 4035 aus
1032 3981 1081 4036 der
1094 3981 1224 4052 Fassung
1239 3984 1281 4037 als
1299 3981 1340 4035 die

166 4050 215 4104 des
234 4049 477 4104 vaorkommens.
496 4080 530 4088 -
550 4051 727 4117 arietavit,
782 4049 950 4121 (wirlrliche)
970 4051 1105 4106 Schuld.
1126 4084 1159 4091 —
1180 4054 1340 4110 coavivio.

166 4120 192 4172 d.
217 4119 234 4172 i.
264 4121 342 4176 modo
369 4122 464 4175 amuis
491 4121 596 4190 inpulit
618 4125 642 4173 et
661 4137 727 4187 pro·
783 4122 949 4191 Vergleiche
972 4123 1063 4192 eqredi
1081 4125 1207 4180 coccinio
1226 4131 1251 4181 8.
1271 4130 1294 4179 5.
1314 4128 1344 4189 θ’,

165 4192 273 4245 stravit.
313 4191 412 4246 Dieses
436 4190 623 4246 dichterische
646 4189 729 4245 Wort
784 4197 852 4247 8.6.
874 4200 914 4248 13.
