2790 4800
158 219 225 286 202
607 220 638 286 Q.
658 219 769 275 OUR'l'I
786 220 874 275 RUFI

157 384 327 467 haerebat,
359 386 530 467 utcumque
562 382 732 468 inaequale
764 388 871 448 terrae
899 382 1070 469 fastigium
1102 389 1344 468 occupaverant

158 472 276 537 undae:
309 494 382 536 cum
409 472 518 537 subito
546 493 650 537 novus
679 476 711 537 et
737 473 876 555 pristino
903 473 1007 538 maior
1035 477 1148 539 terror
1175 474 1344 538 incutitur.

101 570 139 620 20
158 561 364 644 Reciprocari
392 561 498 645 coepit
525 582 614 626 mare
642 581 762 646 magno
790 565 899 626 tractu
922 562 1013 646 aquis
1037 562 1073 626 in
1098 584 1202 628 suum
1227 561 1344 627 fretum

157 649 397 716 recurrentibus
433 648 653 733 reddebatque
688 654 793 714 terras
824 650 923 733 paulo
958 655 1035 717 ante
1066 651 1242 735 profundo
1276 651 1343 716 salo

158 760 290 804 mersas.
328 737 434 823 Igitur
457 737 614 803 destituta
635 739 768 823 navigia
791 739 856 803 alia
877 739 1137 824 praecipitantur
1161 741 1202 804 in
1220 762 1345 824 proras,

158 829 222 893 alia
245 828 280 891 in
302 827 408 892 latera
430 827 658 910 procumbunt.
693 825 796 892 Strati
818 831 911 892 erant
929 829 1036 913 campi
1055 829 1216 912 sarcinis,
1237 830 1345 911 armis,

103 924 137 972 21
159 917 344 998 avulsarum
362 915 549 980 tabularum
568 937 793 1001 remorumque
811 918 1011 1002 fragmentis.
1038 916 1137 981 Miles
1151 939 1219 982 nec
1235 918 1346 1002 egredi

158 1006 192 1070 in
214 1009 335 1069 terram
357 1005 470 1070 necin
488 1026 570 1070 nave
590 1006 766 1070 subsistere
785 1006 939 1090 audebat,
959 1005 1137 1071 identidem
1154 1008 1345 1090 praesenti·

156 1094 217 1159 bus
237 1094 401 1179 graviora,
420 1114 501 1178 quae
520 1097 744 1177 sequerentur,
763 1097 944 1178 expectans
976 1093 1054 1179 Vix,
1073 1116 1159 1179 quae
1179 1097 1346 1180 perpetie-

157 1177 289 1266 bantur,
322 1181 430 1247 viderc
458 1183 547 1266 ipsos
574 1182 760 1266 credebant,
793 1185 828 1248 in
855 1184 939 1248 sicco
967 1183 1155 1269 naufragia,
1186 1185 1226 1250 in
1256 1185 1346 1250 amni

100 1277 138 1326 22
158 1294 255 1336 mare.
303 1269 372 1336 Nec
401 1270 476 1334 finis
505 1270 679 1337 malorum:
711 1273 831 1356 quippe
859 1276 986 1338 aestum
1012 1273 1110 1357 paulo
1138 1278 1225 1356 post
1255 1295 1346 1338 mare

157 1361 344 1443 relaturum,
367 1381 430 1442 quo
453 1359 586 1444 navigia
609 1359 846 1444 adlevarentur,
871 1361 990 1445 ignari,
1013 1360 1135 1426 famem
1158 1366 1198 1426 et
1223 1363 1347 1428 ultima

159 1450 289 1514 sibimet
312 1448 550 1513 omiuabantur.
586 1447 707 1513 Beluae
729 1472 856 1536 quoque
875 1449 1026 1515 fluctibus
1044 1449 1229 1515 destitutae
1249 1452 1349 1518 terri·

102 1543 139 1592 23
158 1538 240 1602 biles
263 1537 475 1621 vagabantur.
511 1536 644 1621 Iamque
667 1559 731 1602 nox
754 1539 927 1623 adpetebat
950 1542 984 1603 et
1001 1558 1113 1623 regem
1132 1560 1272 1624 quoque
1294 1539 1384 1610 ‹re-a

159 1625 301 1710 sporatio
330 1624 447 1690 salutis
479 1626 681 1711 aegritudine
712 1627 884 1693 adfecerat.
934 1625 1010 1692 Non
1036 1633 1148 1692 tamen
1178 1628 1347 1694 invictum

158 1715 301 1780 animum
324 1736 418 1780 curae
442 1715 597 1798 obruunt,
621 1716 699 1799 quin
721 1718 793 1782 tota
815 1719 911 1782 nocte
932 1716 1111 1801 persideret
1133 1716 1169 1780 in
1197 1719 1347 1801 speculis

158 1803 347 1889 equitesque
378 1804 602 1887 praemitteret
633 1805 674 1868 ad
703 1826 739 1869 os
769 1806 887 1888 amnis,
920 1808 969 1888 ut,
1001 1826 1074 1870 curn
1100 1826 1197 1870 mare
1228 1829 1347 1873 rursus

101 1896 139 1945 24
159 1895 345 1958 exaestuare
374 1892 562 1976 sensissent,
589 1893 828 1976 praecederent.
872 1893 1014 1981 Navigia
1042 1915 1170 1978 quoque
1197 1899 1235 1960 et
1260 1895 1347 1962 lace

157 1984 231 2046 rata
258 1982 347 2046 refici
375 1985 408 2046 et
435 2002 548 2046 eversa
575 1981 726 2047 fluctibus
755 1983 837 2069 erigi
864 1983 955 2048 iubet
982 1987 1181 2067 paratosque
1211 2006 1289 2050 esse
1315 1991 1348 2052 et

103 2073 139 2122 2⁶
158 2070 315 2153 intentos,
342 2091 416 2135 cum
442 2092 554 2135 rursus
582 2092 671 2135 mare
698 2075 801 2136 terras
824 2072 1023 2137 inundasset.
1068 2070 1153 2136 Tota
1178 2093 1224 2138 ea
1247 2080 1347 2140 nocte

157 2159 241 2223 inter
264 2159 394 2244 vigilias
423 2157 728 2245 adhortationesque
756 2165 950 2244 consumpta
978 2160 1125 2226 celeriter
1149 2164 1185 2226 et
1212 2164 1346 2248 equites

157 2248 285 2333 ingenti
307 2269 402 2312 cursu
425 2248 571 2333 refugere
595 2252 628 2312 et
651 2253 780 2314 secutus
804 2254 855 2314 est
872 2253 991 2315 aestus.
1028 2247 1090 2324 Qui
1107 2250 1224 2332 primo
1248 2254 1345 2338 aquis

157 2336 223 2400 leni
246 2339 355 2401 tractu
373 2337 586 2401 subeuntibus
605 2338 712 2421 coepit
730 2338 836 2403 levare
855 2338 995 2423 navigia,
1017 2359 1093 2402 mox
1109 2338 1193 2402 totis
1215 2343 1344 2426 campis

102 2427 139 2478 26
158 2424 322 2489 inundatis
346 2425 447 2490 etiarn
468 2424 588 2508 inpulit
611 2426 758 2491 classem.
797 2426 935 2492 Plausus
955 2426 1095 2491 militum
1113 2428 1345 2496 nauticorum·

158 2535 220 2599 que
243 2513 445 2597 insperatam
468 2514 606 2579 salutem
628 2515 801 2597 immodico
827 2515 1060 2581 celebrantium
1083 2514 1207 2599 gaudio
1233 2518 1344 2585 litori-

156 2602 218 2667 bus
250 2603 395 2688 ripisque
427 2604 609 2669 rcsonabat.
654 2602 748 2670 Unde
775 2609 905 2670 tantum
932 2604 1070 2669 redisset
1097 2605 1210 2670 subito
1243 2630 1344 2692 mare,

106 2725 111 2735 ·
157 2714 220 2776 quo
243 2692 347 2776 pridie
371 2692 555 2778 refugisset,
578 2714 738 2776 quaenam
760 2698 846 2759 esset
870 2694 1013 2759 eiusdem
1032 2693 1187 2758 elementi
1207 2701 1343 2779 natura,

157 2779 253 2846 modo
287 2781 423 2865 discors,
456 2782 550 2846 modo
584 2781 719 2865 imperio
746 2787 929 2868 temporum
958 2781 1112 2866 obnoxia,
1145 2782 1343 2852 mirabundi

193 2977 235 3026 20.
254 2975 376 3027 tracta.
409 2971 490 3026 Auch
508 2977 584 3038 §253
604 2979 630 3027 3.
644 2979 669 3029 4.
685 2978 715 3041 ὃς
768 2975 842 3042 fiete.
857 3005 891 3016 -
906 2980 936 3030 et
953 2991 1004 3029 vor
1021 2974 1119 3028 ultima
1136 2973 1175 3028 ist
1192 2978 1339 3048 verallge·

153 3047 182 3096 4.
202 3046 226 3097 9.
245 3047 278 3095 21
298 3060 325 3096 u.
345 3059 396 3097 aw.
419 3059 475 3098 von
498 3043 547 3098 der
565 3042 716 3114 Strdmung
769 3046 913 3101 meinerud
932 3044 1014 3115 (‘und
1032 3044 1220 3116 iiberhaupt')
1240 3048 1297 3104 wie
1315 3056 1338 3105 6.

157 3129 212 3167 von
233 3112 404 3170 Gewtsscrn.
423 3144 457 3153 -
476 3114 640 3169 reddebat.
657 3115 662 3125 '
678 3114 716 3170 So
771 3123 811 3171 11.
832 3122 879 3184 29;
901 3121 926 3170 8.
948 3123 989 3171 11.
1008 3121 1043 3171 24
1060 3134 1087 3170 u.
1107 3120 1131 3171 ὃ.

158 3189 182 3238 ⁷·
207 3191 231 3240 3·
257 3192 291 3239 10
313 3187 467 3269 reddamus?
494 3186 603 3240 alm
628 3186 716 3250 0Μῖθί
786 3210 847 3259 at.
871 3205 1017 3260 obruant
1041 3204 1079 3259 ist
1101 3205 1261 3261 construirt
1283 3207 1336 3261 wie

154 3261 223 3311 t.4.
239 3263 272 3311 19
291 3258 382 3313 reddet
399 3262 500 3340 terram
514 3262 632 3312 naturae
649 3272 716 3312 auae
770 3275 816 3330 die
838 3275 933 3330 Verba
956 3277 1004 3331 (105
1027 3275 1175 3330 Hindems,
1200 3305 1238 3316 ..
1259 3295 1335 3348 per.

154 3330 244 3394 (mare
257 3329 399 3398 relacio).
425 3328 479 3384 na
497 3327 714 3411 letterasbsss
769 3348 895 3403 ciceret
916 3347 954 3400 aa
970 3364 1024 3401 nur
1047 3345 1148 3401 aneae
1169 3346 1335 3404 senerata

155 3397 208 3454 hat
235 3400 308 3482 ancli
336 3403 414 3455 sonst
435 3399 637 3455 Aehnlrchlrert
662 3401 716 3453 mit
769 3417 1334 3488 fflrpergedm5vg1,3,1,gdmm.

157 3469 207 3522 der
225 3469 430 3540 vcrlregcnden.
467 3471 532 3541 vgl.
555 3471 630 3526 noch
648 3470 714 3525 Tac.
768 3490 854 3544 ,idm
876 3513 910 3535 =
932 3489 1127 3544 circumsederi,
1161 3519 1198 3528 -
1230 3507 1334 3559 pm.

156 3554 221 3592 ann·
238 3546 265 3622 ¹1·
286 3546 320 3596 70
342 3542 392 3595 lux
415 3543 536 3597 reddidit
553 3547 662 3596 Wram-
681 3572 714 3581 ··
769 3561 923 3615 cederent
939 3559 1063 3614 ntmlich
1080 3559 1160 3614 meri.
1199 3557 1248 3616 Sic
1269 3561 1333 3617 soll·

155 3611 330 3665 destesta-
362 3610 487 3680 Eretum
505 3618 582 3668 certe
598 3613 671 3667 nach
689 3617 714 3667 4·
768 3631 882 3686 tenuas
895 3629 1082 3686 ascraeum
1095 3629 1146 3685 aar
1158 3629 1249 3686 rna
1269 3633 1332 3688 aem

156 3687 182 3736 7·
202 3687 237 3735 20
256 3681 323 3737 0d0¹
340 3683 468 3751 dwibw
485 3685 558 3767 pach
576 3689 591 3749 i
610 3689 666 3766 22..
768 3701 858 3756 Heere
876 3701 916 3755 im
934 3717 1034 3758 vorans
1051 3700 1163 3756 melden
1183 3702 1209 3769 (5
1233 3705 1286 3772 25).

193 3759 235 3807 21.
251 3769 342 3809 acce.
369 3755 450 3808 Auch
464 3754 560 3809 Livius
574 3756 625 3810 hat
638 3754 715 3809 drese

157 3824 344 3881 Ablativlorm
371 3825 462 3881 neben
485 3825 534 3880 der
561 3825 714 3895 gebrauch·
769 3870 776 3882 .
805 3804 848 3853 ²4·
875 3805 1085 3869 par⁰l⁰⁸t²ffl
1128 3798 1186 3853 ΔΗΒ
1213 3802 1332 3872 ”avitia

157 3895 282 3952 licheren
298 3898 373 3952 acci.
389 3927 423 3937 -
439 3913 522 3966 qaae
540 3912 715 3966 sequeren—
767 3871 806 3925 ¹⁸l
822 3875 926 3925 mum
942 3888 976 3924 ²¹¹
995 3870 1171 3925 emehmen·

154 3968 317 4024 caradas
326 3971 399 4024 etwe
409 3969 481 4024 noch
491 3967 587 4038 folgen
595 3968 713 4036 ktnnt03
803 3973 845 4023 26.
860 3969 1047 4023 resonabat.
1076 3966 1132 4021 Der
1144 3966 1331 4024 bcistehcnde

156 4040 302 4095 identidem
311 4041 349 4096 ist
357 4040 420 4095 hier
429 4057 450 4094 s.
458 4058 484 4095 v.
494 4056 518 4096 a.
530 4039 714 4109 ‘vonAugen
768 4039 883 4094 Ablativ
901 4039 950 4094 des
966 4038 1030 4093 Orts
1048 4037 1086 4092 ist
1103 4037 1285 4110 dicbterisch.
1297 4070 1330 4080 —

156 4111 234 4166 bliclr
251 4129 286 4166 ru
303 4111 501 4183 Augenblick'.
517 4142 550 4152 -
569 4112 627 4167 vta·
645 4127 713 4166 cre·
767 4110 858 4166 modo
876 4111 1006 4165 discors
1020 4111 1086 4176 etc.;
1104 4108 1223 4164 deutsch
1242 4112 1330 4165 ctwa:

154 4182 278 4239 debeat
296 4184 350 4239 wie
370 4183 420 4241 Ov.
440 4200 455 4238 e
473 4183 553 4239 Pout.
572 4189 597 4239 4.
618 4187 660 4237 10.
679 4186 713 4236 35
768 4182 821 4236 wic
835 4181 908 4237 doch
918 4182 998 4251 jenes
1012 4180 1142 4235 Element
1155 4196 1186 4235 sc
1200 4181 1330 4236 wunder·

156 4254 205 4308 cic
222 4271 268 4310 coa
286 4272 318 4310 ec
335 4256 440 4311 medae
458 4257 562 4311 diceet.
767 4253 820 4307 bar
841 4251 1002 4308 boscheffen
1020 4251 1073 4319 sei,
1095 4250 1189 4306 indcm
1207 4266 1237 4306 ee
1262 4251 1330 4308 bald

193 4331 235 4380 22.
255 4327 288 4382 N
290 4343 322 4383 ec
341 4327 429 4394 finio
446 4344 482 4383 m.
517 4326 627 4381 Ebenso
646 4324 714 4379 kurz
767 4321 1327 4392 inwilderGthrungbaldwiederu.s.w.

155 4394 222 4454 Tac.
233 4414 296 4454 ann.
309 4404 333 4453 1.
347 4404 380 4453 66
399 4414 483 4469 acque
500 4400 525 4454 is
542 4399 715 4454 miseriarum
770 4396 829 4450 sich
847 4395 933 4466 raige.

890 4649 908 4711 l

666 4724 793 4752 A...
