2790 4792
127 229 171 294 62
466 166 474 179 '
580 231 612 298 Q.
631 230 847 287 3313313331

125 415 302 478 numquam
326 393 520 459 cessanteml
561 391 624 460 Sed
646 396 775 478 tempus
796 393 896 459 saluti
913 414 990 459 snae
1007 396 1100 459 tanta
1117 393 1184 458 iam
1202 397 1300 478 parta

72 503 107 555 33
128 481 235 568 gloria
261 503 403 567 parcere.
458 480 608 547 Alteram
640 483 753 547 deinde
786 482 959 567 epistolam
984 480 1133 547 Philotae
1164 484 1300 549 nomine

127 571 281 654 scriptam
303 571 424 655 laetus,
447 571 532 656 quod
555 593 595 636 ex
616 571 710 637 vultu
732 570 840 636 notari
863 573 1007 655 poterat,
1028 571 1169 656 legebat
1213 571 1300 636 Tum

126 659 194 724 eius
216 658 304 725 latus
322 659 438 745 'gladio
461 659 572 725 haurit
588 657 757 742 Cleander,
780 659 895 725 deindo
917 658 1064 745 iugulum
1085 658 1175 725 ferit:
1198 660 1301 725 ceteri

71 768 107 820 33
125 747 309 813 exanimum
337 769 463 834 quoque
491 748 690 816 confodiunt.
738 746 784 814 llt
815 748 983 835 armigeri,
1013 748 1069 834 qui
1100 747 1142 811 ad
1172 747 1328 814 aditum9

124 836 270 902 nemoris
292 836 496 921 adstiterunt,
519 838 650 923 cognita
667 837 775 922 oasds,
797 837 887 903 ouius
906 858 1004 903 eausa
1021 836 1245 923 ignorabatur,
1267 838 1301 903 in

71 939 107 988 33
126 928 235 990 333133
256 925 451 1009 perveniunt
474 929 508 991 et
528 926 732 992 tumultuoso
754 927 870 992 nuntio
890 925 1012 990 milites
1030 925 1205 990 concitant
1247 925 1301 991 llli

125 1014 242 1079 armati
265 1013 306 1078 ad
328 1035 453 1098 nemus,
470 1015 505 1079 in
529 1037 592 1101 quo
615 1018 803 1099 perpetrata
826 1013 939 1080 caedes
963 1017 1042 1093 erat,
1065 1018 1182 1079 coeunt
1199 1017 1244 1099 et,
1265 1014 1301 1080 ni

124 1101 319 1187 Polydamas
334 1103 496 1188 ceterique
511 1103 655 1191 eiusdem
668 1125 772 1169 noxae
788 1103 965 1188 participes
983 1102 1150 1186 dedantur,
1169 1125 1300 1168 murum

123 1190 359 1256 circumdatum
376 1191 502 1258 nemori
520 1213 688 1258 eversuros
705 1192 900 1258 ¹denuntiant
915 1191 1121 1275 omniumque
1140 1192 1300 1277 sanguine

70 1296 106 1346 3ο
124 1279 199 1345 duoi
221 1282 460 1364 parentaturos.
509 1278 669 1346 Cleander
690 1281 849 1365 primores
872 1301 983 1345 eorum
999 1279 1184 1346 'intromitti
1205 1281 1301 1346 iubet

124 1368 317 1453 litterasque
345 1367 432 1453 regis
463 1369 601 1454 scriptas
630 1369 672 1435 ad
698 1370 821 1436 milites
848 1369 979 1453 renitet,
1010 1368 1127 1451 quibus
1158 1368 1299 1434 insidiae

125 1456 353 1522 Parmenionis
375 1458 410 1521 in
432 1478 544 1544 regem
565 1479 750 1544 precesque,
772 1461 810 1524 ut
830 1458 939 1542 ipsum
961 1457 1173 1541 vindicarent,
1196 1459 1300 1524 eonti-

70 1544 294 1615 sinebantur.
342 1544 450 1631 Igitur
476 1547 609 1632 cognita
635 1547 724 1632 regis
750 1548 918 1612 voluntate
943 1567 1010 1611 non
1037 1544 1167 1631 quidem
1189 1546 1300 1632 indig-

123 1633 225 1718 natio,
243 1634 298 1699 sed
318 1637 428 1700 tamen
447 1634 565 1701 seditio
583 1656 758 1720 conpressa
776 1639 836 1701 ost.
871 1633 1015 1719 Dilapsis
1033 1634 1182 1719 pluribus
1201 1636 1299 1718 pauoi

123 1726 357 1807 romanserunt,
374 1723 440 1809 qui,
458 1724 577 1790 saltem
595 1728 633 1789 ut
651 1745 767 1809 eorpus
785 1724 888 1808 ipsius
908 1723 1045 1807 sepelire
1063 1723 1300 1808 permitterent,

69 1828 104 1878 aa
122 1811 347 1897 prsosbantur.
396 1811 463 1878 Diu
494 1812 529 1878 id
554 1817 712 1898 negatum
739 1816 790 1879 ost
816 1810 968 1878 Oleandri
995 1814 1098 1895 metu,
1128 1833 1171 1876 ne
1201 1812 1300 1879 offen·

74 1934 79 1943 ·
123 1900 217 1966 deret
241 1920 362 1989 regem.
412 1900 614 1967 Pertinacius
647 1901 761 1967 deinde
788 1900 995 1985 precantibus
1023 1899 1194 1965 materiem
1224 1923 1299 1966 oon-

123 1989 336 2057 stsrnationis
359 1989 614 2055 subtrahendam
631 1994 724 2058 ratus
741 1990 849 2075 eapite
867 1989 974 2054 deciso
992 1991 1143 2053 trunam
1160 1987 1299 2055 humare

68 2096 103 2145 33
122 2078 286 2162 permisit:
310 2077 352 2147 sd
373 2097 485 2163 regem
507 2081 606 2163 caput
627 2080 763 2145 missum
786 2082 844 2146 est

209 2165 274 2232 Hio
302 2167 407 2235 exitus
434 2166 658 2233 Parmenionis
681 2167 758 2251 fuit,
784 2167 919 2233 militiae
946 2165 1097 2250 domique
1120 2165 1201 2230 olari
1225 2166 1297 2232 viri.

120 2253 231 2320 Multa
253 2255 322 2320 sina
344 2275 425 2340 rego
444 2277 610 2341 prospers,
631 2277 689 2321 rex
712 2255 783 2321 sine
805 2256 861 2321 illo
883 2253 968 2319 nihil
991 2274 1130 2338 magnas
1153 2255 1202 2319 rei
1225 2275 1297 2341 ges·

124 2346 219 2408 serat
267 2342 472 2413 Felicissimo
496 2344 569 2431 regi
596 2347 630 2409 et
656 2344 766 2410 omnia
793 2344 834 2409 3(1
863 2343 1013 2408 fortunae
1046 2364 1122 2406 suae
1151 2342 1297 2428 exigenti

120 2552 384 2608 -3313113333
424 2553 499 2609 Saue
516 2553 570 2611 mit
587 2554 682 2624 Beaag
736 2553 933 2620 circumdatas,
958 2550 1037 2606 Caes.
1060 2549 1088 2609 b.
1107 2568 1134 2619 g.
1156 2557 1180 2605 1.
1199 2556 1297 2606 38.-

120 2623 172 2680 anf
187 2624 237 2679 das
252 2623 518 2695 Gadanlrensubjelrt
531 2643 565 2682 au
578 2631 683 2695 1333333
731 2628 989 2694 praestaturos,
1013 2639 1034 2677 s.
1059 2627 1084 2675 3.
1103 2627 1128 2676 6.
1149 2628 1174 2676 1.
1193 2640 1298 2691 poren-

119 2699 183 2764 (est)
201 2721 235 2741 =
253 2696 337 2751 debet.
735 2696 858 2750 troadam.

156 2773 199 2821 27.
229 2765 318 2822 Ptil.
346 2767 479 2822 nomiae
505 2784 527 2821 3.
550 2771 681 2832 913-
772 2772 814 2821 30.
842 2765 993 2819 insidiae
1014 2763 1059 2817 133
1079 2764 1208 2819 namatio
1231 2766 1298 2818 1333·-

120 2838 207 2906 quod
221 2842 418 2907 ...poterat
449 2837 531 2892 Sinn:
544 2855 602 2892 3333
616 2854 683 2896 man
708 2842 711 2847 ’
736 2838 855 2892 diarum.

120 2907 247 2963 deutlioh
266 2907 383 2962 ersehsn
395 2906 510 2963 lronnts.
541 2906 682 2964 Glassisoh
772 2914 814 2963 31.
832 2922 898 2962 noa
916 2907 1045 2976 quidem
1059 2946 1064 2958 .
1080 2945 1087 2958 .
1102 2906 1170 2971 sed,
1185 2923 1207 2961 s.
1223 2905 1296 2960 Einl.

120 2978 203 3032 (13313
220 2977 305 3032 meist
321 2979 361 3044 id,
379 2979 452 3047 qaod
464 2983 576 3046 poterat
593 2978 683 3048 (31333
735 2984 794 3045 §51
804 2978 866 3032 1.-
876 2978 1037 3046 plura'bas
1051 2977 1077 3030 d.
1087 2976 1106 3030 1.
1115 2983 1175 3038 τοῖς
1188 2979 1297 3031 πλείοσι

119 3049 321 3118 1111313123).
356 3048 487 3103 Anderen
501 3048 570 3103 Sinn
587 3049 682 3104 333333
736 3050 773 3105 So
786 3047 933 3104 mehrlaoh
945 3046 992 3102 bei
1006 3047 1126 3115 Curtius,
1140 3046 1195 3101 3313
1210 3049 1297 3103 sehon

120 3122 210 3191 geben
233 3125 367 3190 quantam
387 3124 498 3188 poterat
520 3118 589 3174 oder
610 3122 682 3191 quod
734 3120 782 3177 331
799 3117 905 3175 Livius.
924 3148 957 3160 -
976 3119 1088 3187 ipsias
1108 3118 1296 3187 emphatisoh.

116 3196 207 3262 poseat
221 3194 256 3262 (8.
274 3197 314 3247 12.
330 3192 366 3260 9).
382 3222 416 3230 -
429 3189 609 3245 3333111113
617 3208 681 3260 per-
736 3190 817 3247 sinn:
848 3189 924 3244 13333
956 3190 1103 3245 vorehrtsn
1133 3187 1296 3245 Peldherrn.

119 3264 191 3331 fodit
213 3262 266 3317 3313
287 3268 312 3319 9.
331 3268 356 3317 3.
378 3268 419 3317 11.
462 3261 572 3317 Ebsnso
596 3262 683 3316 33333
735 3262 787 3317 Die
805 3261 879 3316 nahs
896 3259 1026 3330 liegsnds
1040 3259 1210 3330 Aenderung
1228 3260 1298 3330 spata

119 3334 223 3390 Livius.
248 3361 282 3373 -
305 3334 511 3388 3333133333
538 3348 682 3403 quoque.
735 3333 774 3388 ist
791 3332 878 3387 daher
894 3331 971 3387 wohl
988 3330 1068 3386 nieht
1084 3329 1193 3411 nothig.

119 3406 299 3460 Uebersetzo:
320 3405 423 3460 ‘anah
437 3403 577 3459 neehdem
590 3420 621 3458 er
633 3405 681 3459 be·
771 3409 815 3458 32.
833 3408 931 3468 meta,
949 3402 1059 3457 lnthner
1076 3401 1229 3456 Ablatrvus
1248 3401 1296 3456 des

119 3475 188 3530 33113
203 3474 388 3530 seinenGeist
401 3474 679 3546 ausgegebenhatte'
736 3474 870 3530 Grandes.
905 3473 985 3528 Dooh
1004 3472 1117 3527 311131.
1136 3478 1151 3538 5
1171 3478 1206 3527 30
1225 3472 1245 3528 f.

119 3545 195 3615 odor,
209 3544 287 3600 daO.
301 3546 423 3600 viellaoh
507 3545 681 3600 ueinfreier
771 3551 813 3602 33.
832 3544 884 3600 Aa
900 3559 1020 3614 rapam,
1037 3544 1169 3598 botonter
1188 3541 1296 3613 Gegan-

117 3617 213 3672 Weiss
231 3615 284 3670 anf
299 3616 354 3670 den
372 3632 480 3686 gaunon
519 3618 577 3684 ata,
596 3616 681 3670 somit
734 3618 793 3672 3313
820 3634 853 3670 au
879 3615 1071 3684 precantibus,
1102 3613 1156 3668 3313
1183 3616 1296 3669 miseram

119 3687 309 3742 ansoheinend
327 3688 399 3742 auoh
413 3687 465 3741 auf
476 3685 681 3756 naohfolgende
734 3692 772 3743 ast
799 3704 833 3740 au
859 3687 971 3740 3333333
991 3685 1125 3754 permisit.
1144 3715 1180 3724 —
1206 3685 1297 3740 31311

117 3757 343 3813 Wortebesieht
361 3757 607 3827 (3111313313),
627 3757 680 3812 ‘sie
732 3773 872 3828 mappae
893 3759 956 3825 rat,
982 3756 1053 3811 ‘von
1070 3754 1205 3826 Belang’.
1243 3755 1295 3810 Dis

119 3828 316 3884 durohbohren
341 3828 393 3883 ihn
423 3828 513 3883 nooh
545 3844 680 3882 ausser·
734 3827 976 3898 ausgesproohsns
990 3826 1087 3882 Bshau
1106 3827 1178 3897 tung
1191 3825 1231 3882 ist
1243 3843 1296 3881 nur

118 3899 204 3968 dsm,
224 3899 267 3954 als
286 3915 316 3953 er
333 3899 437 3954 bereits
450 3897 606 3954 todtwar’.
639 3898 680 3952 Zu
732 3899 856 3955 insolam
877 3897 995 3968 riohtig,
1020 3897 1063 3952 als
1080 3843 1231 3953 Parmenio
1249 3896 1295 3952 bei

117 3969 256 4025 beaohten
277 3969 318 4024 ist
335 3969 385 4024 das
404 3968 598 4038 Conpositum
616 3985 678 4025 ooa·
733 3971 788 4025 den
811 3969 872 4025 drei
894 3985 1011 4040 grossen
1031 3967 1295 4036 Hauptsehlaehten

117 4039 216 4106 fodere.
733 4046 793 4110 334,
811 4047 873 4110 333,
892 4047 943 4096 331
962 4039 1002 4094 mi
1035 4037 1135 4093 ewirlrt
1152 4039 1241 4094 33113.
1261 4068 1293 4079 —-

140 4115 197 4165 ¹28.
216 4110 263 4165 Et
280 4111 450 4180 armipera'.
486 4108 536 4177 Et,
556 4109 611 4164 den
627 4128 678 4166 nn-
732 4110 1012 4185 eaipanti.DisIte
1033 4110 1294 4165 essartadmodum

119 4178 554 4250 mittelbarenZusammsnhang
567 4180 616 4234 der
629 4180 679 4235 113
732 4183 969 4240 assumserat·
1011 4181 1017 4193 “
1053 4180 1292 4250 3313333333

120 4246 257 4373 {iffiffd
270 4249 474 4321 bezeichnend,
506 4273 540 4296 =
567 4251 680 4306 sofort
714 4272 769 4310 an
783 4255 847 4354 dom
859 4254 1023 4393 1133331138Θῖ
1025 4251 1106 4378 {appr
1116 4250 1212 4377 ί81331330
1213 4266 1293 4377 1113383831

46 4320 113 4488 ἱ
260 4361 265 4374 ·
733 4342 809 4396 sen,
836 4343 860 4380 rs
896 4341 948 4379 nae
1023 4341 1033 4377 1
1282 4350 1292 4360 ·

157 4391 200 4441 33.
225 4390 484 4453 circumdatura,-
504 4392 562 4462 rgl.
585 4411 680 4450 maras
733 4397 819 4452 soher
845 4396 969 4451 Phrssen
994 4395 1033 4450 ad
1056 4395 1291 4464 perpendiculum,
