2790 4792
303 188 558 245 HISTORIARUM
575 189 790 246 ALEXANDRI
809 190 884 258 VIII,
905 196 947 245 11.
967 197 1009 248 12.
1178 193 1241 260 153

65 353 174 418 stione
201 351 354 435 repperit.
403 351 579 437 Regnabat
605 353 641 418 in
668 374 706 417 ea
734 353 866 438 regione
890 352 1040 439 Omphis,
1069 355 1124 440 qui
1153 358 1241 439 patri

63 463 191 526 quoque
214 440 321 505 fuerat
345 444 460 505 auctor
482 441 619 506 dedendi
640 461 778 525 regnum
801 442 987 508 Alexandro
1012 448 1044 508 et
1062 448 1138 527 post
1156 453 1275 510 mor-5

65 536 134 594 tem
157 530 304 613 parentis
327 529 455 614 legatos
479 530 622 614 miserat,
646 531 702 614 qui
720 530 928 595 consulerent
946 553 1029 616 eum,
1051 553 1187 618 regnare
1206 556 1240 599 se

64 619 199 682 interim
217 618 317 682 uellet
336 640 379 683 an
396 619 563 702 privatum
587 619 728 703 opperiri
752 619 820 684 eius
840 619 1022 686 adventum.
1063 619 1239 686 Permissa·
1259 631 1275 679 6

64 729 134 792 que,
158 711 195 772 ut
217 710 378 791 regnaret,
400 728 467 771 non
489 712 600 774 tamen
623 709 673 773 ius
697 708 810 772 datum
829 730 986 792 usurpare
1005 710 1167 775 sustinuit.
1207 710 1240 775 Is

63 797 204 878 benigne
232 795 360 879 quidem
388 801 559 880 exceperat
581 796 870 881 Hephaestionem,
898 798 1076 881 gratuitum
1099 799 1240 863 frumen·

63 890 135 950 tum
159 884 261 968 copiis
286 885 353 948 eius
378 882 561 968 admensus,
583 908 649 950 non
671 889 782 951 tamen
805 885 835 949 ei
858 891 1056 970 occurrerat,
1078 908 1119 952 ne
1142 888 1238 952 fidem

36 1011 38 1017 ·
63 973 162 1037 ullius
185 972 251 1037 nisi
273 973 362 1057 regis
386 975 594 1057 experiretur.
634 973 750 1058 Itaque
773 973 917 1039 venienti
941 975 1072 1041 obviam
1095 998 1168 1041 cum
1190 985 1273 1042 ert

63 1066 153 1126 meto
174 1062 316 1128 exercitu
336 1083 485 1148 egressus
505 1066 564 1145 est,
588 1063 754 1146 elephanti
774 1085 900 1147 quoque
918 1085 977 1147 per
996 1065 1123 1130 modica
1141 1065 1238 1130 inter-

63 1151 148 1214 valla
171 1150 313 1215 militum
336 1151 459 1235 agmini
482 1151 612 1216 inmixti
634 1152 747 1235 procul
771 1152 979 1217 castellorum
1002 1153 1145 1219 fecerant
1169 1176 1238 1237 spe·

64 1240 155 1303 ciem.
195 1240 244 1303 Ac
267 1239 372 1324 primo
392 1239 575 1305 Alexander
597 1261 663 1305 non
686 1240 818 1319 socium,
842 1240 898 1305 sed
917 1241 1045 1307 hostem
1064 1242 1238 1308 adventare
1258 1249 1274 1298 8

64 1328 215 1392 credebat
241 1327 371 1412 iamque
399 1333 433 1393 et
459 1328 531 1412 ipse
559 1351 649 1395 arma
677 1329 798 1395 milites
827 1350 941 1413 capere
969 1335 1003 1394 et
1026 1332 1151 1415 equItes
1175 1332 1239 1396 dis-

63 1416 175 1480 cedere
207 1417 242 1480 in
274 1438 395 1482 cornua
425 1417 578 1496 iusserat,
613 1422 747 1501 paratus
780 1417 821 1484 ad
852 1438 1006 1503 pugnam.
1061 1419 1108 1485 At
1139 1419 1238 1486 Indus

63 1506 197 1589 cogmto
220 1503 435 1571 Macedonum
464 1528 572 1571 errore
600 1507 700 1572 iussis
730 1506 907 1573 subsistere
931 1507 1046 1573 ceteris
1069 1509 1141 1593 ipse
1164 1531 1238 1575 con·

62 1594 144 1659 citat
162 1616 288 1678 equum,
307 1616 370 1678 quo
389 1595 581 1660 vehebatur:
604 1595 692 1660 idem
710 1594 895 1660 Alexander
914 1617 1042 1680 quoque
1059 1597 1148 1682 fecit,
1171 1599 1238 1664 sive

61 1683 168 1747 hostis
197 1683 264 1748 sive
292 1683 416 1748 amicus
444 1687 639 1767 occurreret,
669 1683 721 1749 vel
750 1707 809 1748 sua
837 1684 958 1750 virtute
986 1687 1037 1750 vel
1061 1686 1150 1751 illius
1174 1687 1237 1752 fide

61 1776 162 1837 tutus.
203 1769 325 1855 Coiere,
348 1773 434 1856 quod
458 1795 497 1837 ex
515 1773 683 1857 utriusque
701 1773 794 1837 vultu
811 1777 924 1856 posset
942 1773 1100 1859 intellegi,
1123 1777 1236 1840 amicis
1256 1783 1272 1830 9

61 1861 196 1925 animis:
229 1865 372 1926 ceterum
404 1861 473 1925 sine
505 1862 684 1946 interprete
714 1882 780 1927 non
811 1864 942 1944 poterat
969 1864 1094 1927 conseri
1122 1885 1238 1929 sermo.

61 1949 178 2033 Itaque
206 1949 354 2015 adhibito
383 1972 420 2014 eo
436 1950 607 2016 barbarus
632 1951 810 2015 occurrisse
833 1972 868 2014 se
892 1950 974 2015 dixit
997 1972 1070 2015 cum
1093 1953 1237 2017 exercitu

60 2042 149 2103 totas
177 2039 306 2122 imperii
332 2039 416 2104 vires
444 2040 593 2123 protinus
621 2038 816 2104 tradIturum
843 2060 903 2103 nec
931 2043 1130 2125 expectasse,
1160 2041 1237 2106 dum

60 2149 118 2210 per
140 2130 271 2192 nuntios
295 2127 427 2192 daretur
449 2128 538 2193 fides.
580 2125 706 2212 Oorpus
725 2147 820 2192 suum
839 2132 872 2192 et
890 2148 1027 2212 regnum
1044 2130 1237 2212 permittere
1257 2137 1290 2185 10

61 2217 126 2297 illi,
150 2238 246 2301 quem
269 2217 366 2282 sciret
389 2216 513 2302 gloriae
536 2217 735 2288 militantem
757 2215 841 2280 nihil
866 2217 971 2302 magis
994 2239 1091 2301 quam
1114 2218 1236 2283 famam

10 2311 50 2374 13
61 2306 179 2369 timere
201 2305 362 2388 perfidiae.
403 2305 523 2370 Laetus
546 2305 758 2390 simplicitate
782 2305 914 2369 barbari
932 2327 988 2370 rex
1008 2309 1041 2370 et
1060 2306 1235 2390 dexteram,

60 2394 137 2458 fidei
169 2416 246 2458 suae
273 2394 406 2478 pignus,
438 2394 528 2459 dedit
555 2398 589 2458 et
615 2414 751 2478 regnum
779 2393 932 2459 restituit.
981 2412 1041 2459 avr
1069 2394 1236 2479 elephanti
1257 2404 1286 2451 11

61 2488 163 2567 erant,
182 2505 261 2566 quos
276 2483 411 2547 tradidit
424 2480 618 2567 Alexandro,
636 2483 801 2566 multaque
820 2503 937 2565 pecora
956 2483 1092 2547 eximiae
1112 2486 1235 2570 magni-

61 2655 90 2711 O.
115 2657 242 2711 erwdhnt
263 2656 355 2726 nicht,
379 2656 443 2711 dass
464 2657 542 2711 Alex.
566 2656 621 2710 den
711 2661 735 2711 8.
764 2660 793 2709 et
817 2656 903 2724 ipse,
930 2655 1032 2710 ‘auch
1055 2672 1091 2710 er
1109 2657 1237 2711 reiner-

60 2725 621 2782 Indusanfcinerkdnstlichzusammen-
675 2726 786 2780 selts'.
807 2756 840 2764 -
864 2727 1035 2781 discedere
1052 2728 1090 2780 irc
1108 2743 1238 2784 cornua

59 2797 199 2868 gefiigten'
223 2797 416 2853 Schiffbrdcke
443 2796 621 2853 fibersehritt.
676 2823 710 2842 ε
744 2793 937 2866 ‘Anfstellung
968 2796 1019 2852 auf
1047 2798 1103 2852 den
1136 2798 1237 2854 beiden

60 2901 95 2908 —
116 2869 250 2938 Omphis
269 2895 303 2915 =
321 2868 429 2937 Μῶφις
452 2866 499 2937 bei
515 2867 622 2923 Diodor
674 2868 801 2922 Flanken
815 2867 957 2924 nahmen'.
982 2867 1237 2938 VgldiePhrasen

60 2941 115 3009 (17.
130 2942 184 3008 86).
216 2939 269 2994 Die
284 2940 493 3010 I'drstenjener
506 2937 622 3008 Gegend
675 2940 776 3008 equites
798 2943 911 2994 emersa
933 2942 1078 3008 corcu(a),·
1105 2941 1237 2996 lateribus

58 3011 173 3064 ffihrten
187 3010 242 3065 den
256 3011 365 3066 Namen
379 3010 491 3065 Taxilae
505 3010 621 3078 erblioh,
675 3010 954 3078 cdrccmfucduntur;
983 3011 1057 3065 auch
1085 3012 1237 3067 discurrere

59 3081 185 3136 weshalb
199 3081 304 3137 Diodor
318 3082 373 3136 den
386 3080 498 3152 Mophis
509 3105 543 3128 ==
557 3080 621 3136 Om·
674 3083 706 3136 r'c
723 3097 811 3136 cornu
824 3087 849 3136 3.
865 3086 890 3135 2.
906 3087 953 3148 143
972 3081 1032 3136 Lis.
1048 3087 1072 3136 7.
1088 3087 1130 3136 33.
1147 3088 1188 3137 11.
1202 3114 1236 3123 -

58 3151 123 3221 phis
143 3151 224 3207 einen
243 3151 320 3207 Sohn
338 3153 387 3206 das
406 3151 518 3208 Taxiles
537 3153 574 3221 (d.
592 3153 619 3208 h.
673 3153 779 3208 cel...
796 3153 857 3218 cel,
874 3151 1141 3207 ‘imerrten...Im
1155 3153 1235 3208 awei-

59 3222 171 3276 einfach
199 3223 248 3277 des
275 3224 473 3279 verstcrbenen
502 3223 620 3292 Konigs)
673 3225 722 3278 ten
740 3221 841 3278 Falle'.
1054 3289 1060 3302 ⁸

59 3296 153 3347 neunt.
170 3325 209 3348 ,-
225 3295 324 3362 patri
341 3310 476 3363 qaoque.
515 3293 621 3348 Ueber·
710 3301 734 3348 9.
762 3293 848 3362 quod
870 3296 997 3360 posset,
1024 3306 1079 3346 wie
1101 3295 1126 3347 8.
1151 3299 1175 3347 2.
1200 3298 1234 3348 35

59 3366 135 3419 setae
148 3380 251 3434 quoque
268 3365 323 3420 mIt
342 3364 489 3420 ‘schon'.
523 3363 552 3419 Ο.
571 3365 620 3419 be·
673 3365 745 3433 quod
762 3364 845 3431 facile
862 3363 1014 3430 adpareret.
1047 3360 1143 3431 Vergl.
1162 3362 1235 3419 hier·

58 3435 148 3489 findet
162 3436 223 3490 elch
237 3435 291 3490 mit
304 3435 395 3490 dieser
407 3434 491 3490 Notis
504 3433 619 3489 imEin-
673 3434 726 3489 mit
753 3434 802 3488 das
829 3431 1023 3502 prasentieche
1051 3435 1123 3502 quod
1149 3435 1234 3490 sciam

57 3506 162 3575 klange
181 3506 234 3560 mIt
251 3505 364 3562 Diodor.
674 3530 707 3552 ==
726 3509 859 3575 quactum
877 3505 940 3560 seio.
960 3534 994 3544 -
1014 3504 1151 3574 Itaque,
1174 3505 1233 3561 bec

94 3583 119 3630 6.
134 3579 371 3647 permissoque.
399 3576 464 3646 Vgl.
479 3577 620 3646 deperata
673 3575 733 3631 sich
751 3593 804 3630 nur
821 3574 872 3630 auf
887 3574 933 3628 die
947 3574 1003 3630 abl.
1019 3575 1075 3630 abs.
1109 3574 1174 3645 Vgl.
1189 3576 1234 3632 die

59 3654 83 3701 6.
104 3653 128 3701 5.
149 3653 191 3702 21.
218 3680 252 3689 -
277 3648 370 3704 Ueber
394 3648 450 3702 den
473 3647 549 3702 infin.
574 3647 620 3704 bei
672 3648 754 3701 Anm.
769 3665 803 3701 zu
817 3651 842 3702 9.
858 3650 883 3700 o.
897 3650 941 3700 28.
956 3676 989 3686 -
1006 3648 1234 3715 persicarios,

57 3720 192 3773 rusticare
224 3737 244 3774 s.
272 3720 345 3776 Ilinl.
373 3724 388 3784 ὅ
416 3725 459 3774 34.
488 3750 522 3760 -
549 3734 620 3775 aori
673 3718 699 3772 d
723 3718 750 3771 h.
774 3716 863 3772 durch
884 3715 1091 3786 irgeudwelche
1113 3717 1234 3772 Mittele-

58 3796 182 3855 tamea,
201 3791 326 3860 asyndet.
346 3791 391 3845 fur
408 3807 458 3846 aec
470 3794 569 3847 tumea.
585 3820 619 3832 -
672 3804 824 3858 personae,
841 3787 1029 3857 Abgeaandte.

58 3877 96 3914 ae
114 3862 224 3915 ullius
246 3860 285 3916 ist
306 3862 403 3916 scharf
422 3862 521 3917 betont
544 3861 563 3916 f.
586 3879 620 3917 ae
711 3864 751 3914 10.
774 3859 914 3928 ctoriae.
947 3858 1042 3929 Vergl.
1060 3859 1115 3913 sibi
1132 3859 1235 3923 sicem

57 3933 146 3986 cadas
188 3932 240 3986 Die
263 3933 369 3989 Phrase
397 3933 477 4001 fidem
499 3933 620 4001 experiri
673 3931 745 3985 ottae
763 3930 880 3995 discam
897 3929 994 3985 craias
1007 3929 1234 3998 reipublicaeqaa

57 4003 95 4056 ist
118 4001 248 4057 aiemlich
267 4003 374 4073 gleich:
402 4005 482 4071 fidem
500 4004 620 4058 alicuius
672 4017 730 4056 nore
742 4001 797 4056 aar
809 4001 921 4056 dicium
934 4015 989 4055 esse
1002 4018 1029 4054 u.
1044 3999 1101 4067 dgl.
1125 3999 1234 4054 Anders

56 4074 219 4142 Implorure,
238 4074 303 4141 fidei
320 4091 347 4130 se
365 4076 533 4130 committere.
588 4094 591 4099 ·
672 4072 780 4142 gefasst
798 4078 822 4127 6.
842 4075 868 4125 5.
888 4077 903 4126 7
921 4071 1039 4126 mercede
1055 4071 1183 4125 militare.

94 4145 619 4215 7.elephantiquopueseceract,
710 4148 750 4199 11.
780 4145 890 4210 erant,
912 4155 1000 4210 quos.
1036 4139 1235 4210 Vgl.hiermit

56 4215 220 4285 brachylog.
245 4216 291 4270 fiir
313 4218 395 4286 eleph.
414 4231 519 4285 qaoque
536 4216 619 4269 iater-
672 4211 818 4268 eInerseIts
836 4212 883 4266 die
899 4211 1064 4281 brachylog.
1079 4209 1191 4278 Forms
1209 4217 1234 4280 7,

57 4290 145 4351 maret,
164 4288 214 4356 qai
230 4288 360 4353 fremuit.
398 4287 426 4342 S.
444 4286 516 4342 Ilinl.
533 4285 559 4340 S.
575 4290 618 4356 83,
672 4281 1234 4352 andererseItsSataemitgleicherBreite

58 4357 140 4412 Anni.
672 4354 721 4412 des
739 4352 901 4409 Auadruoks
925 4351 977 4408 wie
1002 4357 1026 4409 3.
1048 4359 1139 4423 1.11;
1163 4360 1188 4411 6.
1208 4359 1233 4408 θ.
1261 4398 1264 4403 ⁴
