2790 4792
314 231 568 288 HISTORIARUM
586 232 802 287 ALEXANDRI
821 231 909 301 VIIII,
929 239 970 289 10.
1164 231 1230 298 205

55 395 267 478 Consumptis
291 395 392 480 igitur
416 395 578 460 alimentis
597 394 789 460 Macedones
812 397 917 480 primo
939 396 1092 480 inopiam,
1116 397 1229 462 deinde
1250 407 1282 455 11

56 487 98 550 ad
126 485 277 551 ultimum
308 484 430 548 famem
463 485 582 548 sentire
611 488 799 568 coeperunt,
831 485 954 550 radices
981 486 1164 569 palmarum
1190 523 1228 533 -

55 595 197 658 namque
221 573 290 637 sola
311 594 350 636 ea
372 573 468 636 arbor
492 572 637 658 gignitur
657 608 695 620 -
717 574 837 658 ubique
859 574 1024 638 rimantes.
1062 572 1133 658 Sed,
1157 596 1230 640 eum
1251 585 1283 634 12

56 663 137 728 haec
161 682 288 746 quoque
312 662 468 726 alimenta
491 661 687 744 defecerant,
711 663 856 727 iumenta
875 663 1007 727 caedere
1026 662 1172 747 adgressi
1189 687 1230 728 ne

56 752 149 836 equis
175 750 303 834 quidem
327 750 551 815 abstinebant:
575 755 703 815 etcum
727 751 884 834 deessent,
905 772 986 834 quae
1011 752 1160 816 sarcinae
1178 774 1231 816 ve·

56 842 181 923 herent,
205 838 309 922 spolia
332 838 370 902 de
393 838 552 921 hostibus,
575 842 710 923 propter
733 861 815 925 quae
838 840 956 904 ultima
975 839 1118 905 Orientis
1139 862 1230 924 pera·

57 930 246 1014 gravarent,
270 926 458 991 cremabant
479 928 637 992 incendio.
680 927 812 992 Famem
835 928 950 993 deinde
972 929 1160 1012 pestilentia
1183 951 1230 994 se·
1251 937 1283 985 13

56 1022 132 1083 cute
151 1021 215 1100 est,
234 1017 353 1100 quippe
372 1016 588 1081 insalubrium
607 1017 753 1081 ciborum
771 1017 849 1082 novi
868 1017 950 1102 suci,
969 1016 1010 1081 ad
1027 1018 1090 1082 boc
1106 1018 1230 1083 itineris

55 1107 150 1171 labor
176 1113 210 1171 et
234 1105 404 1190 aegritudo
432 1105 534 1169 animi
556 1106 771 1191 vulgaverant
798 1107 930 1171 morbos
963 1111 995 1172 et
1018 1128 1079 1171 nec
1099 1128 1230 1172 manere
1308 1168 1310 1174 .

58 1196 127 1259 sine
151 1194 239 1259 clade
263 1216 322 1259 nec
345 1194 498 1280 progredi
520 1198 685 1278 poterant:
708 1199 874 1260 manentes
895 1195 1011 1279 fames,
1038 1217 1230 1281 progressos

58 1284 160 1348 aerior
195 1283 381 1367 pestilentia
416 1283 564 1367 urgebat.
614 1283 704 1370 ergo
737 1284 834 1349 strati
866 1289 959 1349 erant
991 1286 1095 1369 campi
1127 1307 1230 1369 paene
1252 1294 1285 1341 14

55 1372 205 1457 pluribus
234 1372 399 1437 semivivis
427 1393 523 1456 quam
553 1372 772 1437 cadaveribus.
821 1373 870 1438 Ac
896 1395 937 1438 ne
956 1373 1069 1440 levius
1100 1373 1229 1458 quidem
1336 1394 1343 1408 ·

57 1462 149 1546 aegri
177 1462 267 1544 sequi
294 1463 459 1544 poterant:
487 1461 606 1546 quippe
634 1481 752 1545 agmen
776 1462 896 1545 raptim
921 1462 1080 1547 agebatur
1101 1465 1231 1527 tantum

60 1550 200 1636 singulis
224 1549 264 1613 ad
288 1571 379 1633 spem
407 1550 522 1614 salutis
545 1550 634 1633 ipsos
658 1551 814 1633 proficere
836 1551 1049 1635 credentibus,
1073 1554 1232 1634 quantum

56 1638 183 1703 itineris
215 1639 397 1703 festinando
428 1639 660 1723 praeciperent.
707 1638 814 1723 Igitur
841 1640 897 1724 qui
925 1639 1108 1704 defecerant
1134 1645 1230 1705 notos
1252 1652 1284 1702 15

56 1728 265 1812 ignotosque,
292 1731 331 1792 ut
354 1728 594 1808 adlevarentur,
618 1727 767 1792 orabant:
800 1727 856 1792 sed
878 1748 938 1792 nec
960 1729 1105 1794 iumenta
1129 1733 1233 1811 erant,

53 1818 175 1901 *quibus
200 1816 305 1900 excipi
327 1821 469 1900 possent,
493 1820 526 1881 et
548 1817 642 1880 miles
665 1815 720 1880 vix
741 1838 832 1880 arma
849 1817 1002 1900 portabat
1019 1817 1232 1881 imminentis·
1262 1820 1268 1832 '

59 1927 121 1990 que
145 1912 178 1970 et
200 1905 281 1987 ipsis
303 1905 404 1970 facies
427 1905 507 1970 mali
530 1908 605 1969 ante
629 1905 739 1970 oculos
764 1908 841 1969 erat.
877 1904 967 1990 Ergo
991 1906 1120 1988 saepius
1142 1927 1232 1970 revo-

60 1996 126 2058 cati
143 2015 183 2058 ne
201 1995 360 2078 respicere
379 1995 509 2078 quidem
528 2015 603 2059 suos
618 1993 825 2058 sustinebant
839 1993 1059 2058 misericordia
1072 1994 1107 2057 in
1120 1993 1232 2058 formi-

61 2083 168 2147 dinem
190 2105 292 2147 versa.
329 2082 383 2147 Illi
406 2084 513 2148 relicti
536 2082 613 2147 deos
637 2085 738 2147 testes
763 2086 796 2147 et
816 2104 909 2147 sacra
928 2083 1112 2147 communia
1129 2084 1231 2168 regis·
1252 2097 1284 2146 16

60 2194 122 2256 que
144 2172 352 2255 inplorabant
373 2193 480 2256 opem:
504 2193 640 2256 cumque
657 2170 781 2236 frustra
800 2172 913 2237 surdas
933 2193 1026 2236 aures
1044 2172 1231 2256 fatigarent,

58 2261 93 2324 in
120 2260 245 2325 rabiem
277 2261 501 2343 desperatione
533 2283 627 2326 versa
658 2282 772 2345 parem
804 2282 863 2326 suo
895 2261 1017 2325 exitum
1044 2260 1231 2345 similesque
1267 2304 1292 2337 ,·

10 2349 140 2434 stipsis
171 2350 291 2415 amicos
316 2353 349 2414 et
371 2350 618 2415 contubernales
641 2349 864 2432 precabantur.
909 2347 977 2414 Rex
1000 2349 1112 2434 dolore
1134 2349 1231 2414 simul
1252 2364 1283 2412 17

60 2460 98 2502 ac
115 2437 236 2521 pudore
256 2438 381 2522 anxius,
407 2439 482 2522 quia
500 2460 597 2503 causa
615 2439 727 2502 tantae
746 2437 844 2502 cladis
863 2436 932 2521 ipse
952 2442 1050 2523 esset,
1072 2437 1112 2502 ad
1129 2437 1230 2502 Phra·

58 2526 251 2610 taphernen,
273 2525 531 2610 Parthyaeorum
549 2531 714 2609 satrapen,
733 2527 837 2610 misit,
854 2527 910 2610 qui
930 2527 1080 2597 iuberent
1099 2527 1230 2591 camelis

58 2618 151 2681 cocta
175 2616 297 2680 cibaria
315 2615 447 2694 adferri,
469 2616 613 2700 aliosque
632 2615 845 2680 finitimarum
861 2615 1032 2700 regionum
1050 2615 1230 2698 praefectos

59 2704 212 2769 certiores
244 2704 448 2769 necessitatis
482 2726 559 2768 suae
592 2703 679 2768 fecit.
728 2702 797 2768 Nec
829 2709 989 2769 cessatum
1017 2708 1068 2768 est
1095 2704 1137 2768 ab
1170 2703 1231 2768 bis.

58 2793 173 2878 Itaque
191 2798 277 2858 fame
295 2793 464 2858 dumtaxat
482 2791 664 2857 vindicatus
684 2792 841 2858 exercitus
864 2791 994 2858 tandem
1008 2793 1043 2859 in
1057 2789 1230 2858 Cedrosiae
1251 2806 1284 2855 18

59 2985 169 3038 enthtlt
182 2987 244 3039 eine
259 2985 440 3055 Steigerung,
458 2985 554 3039 indam
567 2985 618 3039 das
710 2986 936 3054 1111111111,
952 2985 1004 3040 ‘er
1023 2985 1231 3055 schleppte’‚
1308 3042 1316 3061 ,

57 3055 294 3126 Vorhergehende
313 3073 349 3111 an
366 3057 424 3110 und
446 3056 491 3110 fiir
512 3055 572 3110 sich
587 3056 619 3126 ja
673 3054 782 3112 starker
804 3058 846 3112 als
868 3058 998 3127 pectebat.
1023 3088 1056 3098 -
1080 3062 1110 3110 et
1131 3058 1231 3125 ipsis,

58 3127 152 3182 nichts
170 3127 404 3182 Absouderliches
422 3128 467 3182 ist.
613 3191 617 3198 ,
673 3122 746 3181 κατὰ
778 3124 892 3183 σύνεσιν
923 3128 974 3183 aul
1008 3128 1058 3182 das
1090 3126 1231 3182 Collelrtiv

97 3203 137 3251 11.
152 3200 316 3267 gignitur.
344 3198 436 3253 Ueber
449 3199 499 3252 das
514 3197 620 3252 Fehlen
673 3199 749 3254 acilas
771 3199 905 3268 beacgem
932 3199 1018 3264 factes
1039 3199 1107 3253 mali
1129 3197 1182 3251 vvie
1207 3204 1230 3252 3.

58 3269 429 3334 venibis.Einl.§52a.
462 3269 544 3324 Nach
559 3271 619 3324 Arr.
676 3274 717 3322 11.
745 3275 787 3323 22.
812 3299 845 3308 -
870 3270 1093 3323 sustinebant.
1139 3269 1232 3324 Ueber

57 3341 117 3394 trat
144 3339 189 3394 die
214 3339 400 3410 geschilderte
423 3338 622 3409 Hungersnoth
675 3338 729 3393 deu
747 3339 823 3393 infin.
843 3356 862 3393 s.
882 3340 955 3395 Einl.
974 3345 989 3405 ς
1008 3345 1051 3394 34.

58 3411 192 3465 Ἦῆὴῖθῃά
220 3412 268 3466 ⁶⁹⁸
295 3409 522 3492 ⁸⁰⁰h²t3l²ssiss⁶¹¹
546 3411 620 3492 ΜΨ·
711 3441 751 3491 16.
775 3436 981 3506 fatigarer&
1005 3437 1060 3506 vgl.
1084 3441 1108 3492 8.
1134 3442 1176 3490 13.
1199 3443 1232 3490 10

58 3482 139 3536 scires
153 3482 259 3536 durch
274 3479 406 3535 Gedrosia
420 3484 466 3551 (a
476 3480 619 3548 Gedrosia,
673 3522 754 3562 mm,
771 3506 826 3573 fa„
844 3508 942 3563 agam,
961 3526 994 3563 ,u
1011 3509 1112 3564 ,mas
1130 3508 1178 3564 ,1
1206 3515 1222 3562 9

55 3553 128 3622 aaa
146 3556 220 3607 seva
233 3552 456 3619 coruscasse)
472 3553 524 3606 en.
551 3552 619 3607 ver-
674 3583 690 3631 2
727 3583 761 3632 30
787 3525 887 3635 „„⁹„„
914 3550 995 3636 ,’,„„
1017 3581 1101 3649 „„„,
1134 3526 1168 3620 ξ
1180 3551 1232 3634 ·,-,;

58 3622 199 3678 muthlich
228 3623 361 3678 rechnete
390 3622 418 3680 Ο.
447 3623 494 3678 die
520 3622 619 3677 Wuste
692 3622 750 3704 'b·
1063 3651 1068 3663 ·
1102 3624 1107 3635 '
1224 3674 1230 3686 ,

59 3711 111 3764 ga
135 3692 215 3748 „aar
241 3694 294 3748 ..a
318 3713 351 3748 a
374 3692 514 3750 aaa.
556 3694 620 3749 v...
672 3651 902 3778 11311111·
1103 3657 1127 3706 ⁴·
1143 3657 1168 3707 ⁶·
1183 3656 1231 3718 ²⁹2

59 3765 192 3819 esebaren
208 3767 315 3821 radices
332 3766 491 3834 palmarum
509 3764 617 3836 spricht
827 3820 833 3832 ,

59 3837 133 3890 auch
153 3835 208 3890 cic,
228 3837 257 3890 in
276 3837 354 3892 verr,
375 3843 399 3892 5,
418 3841 461 3892 ⁸7,
710 3825 751 3875 17.
774 3837 856 3888 quaa
874 3863 881 3877 .
901 3862 906 3875 .
926 3825 1025 3887 earet,
1046 3820 1234 3888 Erittuteruug

97 3912 139 3962 12.
157 3909 269 3975 spotia
290 3909 328 3963 de
349 3909 502 3964 beatitas
519 3908 573 3963 vie
591 3912 616 3962 8.
672 3891 813 3958 Ζ1111141101
827 3908 877 3946 211⁸
891 3891 941 3974 (105
955 3891 1035 3974 8021&
1050 3890 1231 3958 Alexandflrb

61 3985 85 4033 8.
106 3984 130 4032 9.
672 3961 759 4016 daher
786 3961 836 4016 der
864 3960 1041 4032 comunknv.
1065 3993 1097 4002 -
1123 3961 1233 4016 Phra-

97 4054 138 4103 13.
166 4049 256 4117 acci,
287 4050 391 4107 ubera:
425 4049 483 4105 ‘die
514 4064 618 4119 unge·
655 4033 908 4101 'taphernen,
944 4051 965 4089 ⁸·
998 4040 1023 4088 6·
1058 4040 1084 4090 4·
1121 4037 1170 4099 233
1206 4037 1231 4086 8·

58 4121 247 4189 1111111111’;
268 4140 301 4175 zu
319 4122 497 4191 culpaverat
514 4121 619 4176 1111111
673 4109 698 4160 3·
718 4109 758 4158 17·

58 4190 116 4260 agl.
129 4197 153 4246 5.
166 4198 188 4246 1.
206 4197 237 4245 11
252 4192 358 4247 morbos
371 4193 439 4248 odor
451 4193 618 4261 culpaverat.
710 4196 752 4246 18.
766 4194 944 4249 damtaaat
956 4193 995 4247 ist
1008 4193 1070 4248 hier
1079 4217 1113 4239 =
1127 4194 1231 4261 saltere,

97 4268 138 4317 14.
158 4263 355 4328 festinando
374 4265 620 4333 praeciperent.
673 4269 748 4318 certa
802 4265 885 4319 Nach
920 4264 1022 4319 Arrian
1062 4263 1144 4319 htrte
1185 4263 1230 4318 die

58 4333 131 4387 Dem
145 4332 298 4389 Gadanken
311 4333 529 4389 uudAusdruck
547 4334 620 4389 nach
673 4333 872 4403 Hungersuoth
903 4335 961 4390 eret
996 4335 1026 4390 in
1057 4334 1149 4402 Pura,
1182 4335 1234 4389 der

57 4404 98 4459 ist
115 4422 150 4458 au
167 4405 346 4474 vergleichen
365 4411 390 4461 4.
410 4412 435 4460 1,
454 4411 478 4460 3.
673 4402 851 4476 Hauptstadt
871 4422 933 4463 ven
952 4404 1111 4473 (lebroha,
1130 4403 1197 4458 aut.
1217 4430 1255 4442 ·-
