2790 4792
147 216 213 281 208
602 214 633 280 Q.
655 215 764 271 GURTI
781 215 868 271 RUFI

148 380 327 465 adpetebat,
351 400 423 444 cum
446 378 562 443 Persae
586 400 675 444 more
699 379 794 444 solito
818 378 915 441 armis
938 377 1053 461 positis
1077 376 1118 440 ad
1140 378 1322 441 necessaria

148 491 186 532 ex
212 469 358 552 proximo
385 468 456 533 rico
483 467 617 531 ferenda
645 467 837 530 discurrunt.
882 466 929 530 At
950 465 1130 547 Bactriani,
1162 468 1199 529 ut
1221 467 1320 550 impe-

111 560 252 626 tratum
276 579 295 620 a
317 556 418 622 Besso
442 559 521 641 erat,
544 556 659 620 armati
682 554 822 619 stabant.
862 553 952 618 Inter
973 553 1053 618 haec
1076 553 1201 617 Dareus
1224 554 1320 618 Arta-
1332 553 1373 618 33

146 646 261 709 barum
285 646 381 710 acciri
403 645 504 727 iubet,
534 644 765 728 expositisque,
789 664 870 726 quae
893 642 1016 707 Patron
1039 641 1210 726 detulerat,
1232 644 1320 708 haud

146 734 293 798 dubitare
320 733 515 816 Artabazus,
547 733 626 815 quin
652 732 886 796 transeundum
915 735 999 796 esset
1025 730 1060 794 in
1088 734 1193 795 castra
1222 729 1319 796 Grae-

110 842 269 892 scorum:
301 821 415 886 Persas
439 842 566 905 quoque
589 821 731 904 periculo
754 821 887 905 vulgato
911 822 1085 884 secuturos.
1131 818 1320 885 Destinatus

146 912 226 974 sorti
256 933 332 975 suae
363 911 396 974 et
424 910 489 972 iam
518 909 639 973 nullius
667 908 804 973 salubris
833 908 960 973 consilii
982 907 1109 992 patiens
1133 909 1262 972 unicam
1285 909 1319 972 in

143 999 201 1062 illa
222 998 356 1063 fortuna
378 1019 472 1081 opem
493 995 705 1080 Artabazum,
733 997 882 1061 ultimum
904 997 996 1061 illum
1018 997 1158 1080 visurus,
1183 997 1319 1080 amplec-

143 1086 225 1151 titur
246 1087 458 1170 perfususque
481 1086 602 1150 mutuis
621 1086 761 1149 lacrimis
779 1086 1002 1149 inhaerentem
1022 1085 1084 1149 sibi
1102 1085 1195 1149 avelli
1215 1086 1318 1150 iubet:

147 1175 250 1259 capite
283 1174 396 1238 deinde
428 1175 549 1258 velato,
585 1196 625 1238 ne
652 1174 737 1238 inter
764 1173 903 1258 gemitus
932 1172 1165 1258 digredientem
1187 1175 1319 1238 reluta

108 1284 224 1348 erogo
248 1264 436 1347 intueretur,
459 1263 493 1326 in
515 1263 650 1326 humum
672 1284 811 1346 pronum
835 1283 951 1345 corpus
974 1261 1100 1326 abiecit.
1137 1261 1219 1326 Tum
1242 1285 1318 1328 vero

145 1352 309 1416 custodiae
341 1351 408 1415 eius
436 1350 575 1435 adsueti,
607 1373 687 1435 quos
714 1351 800 1435 regis
828 1351 965 1415 salutem
987 1351 1038 1414 vel
1060 1351 1210 1435 periculis
1233 1352 1317 1415 vitae

144 1441 227 1503 tueri
251 1439 434 1524 oportebat,
466 1439 582 1523 dilapsi
606 1443 682 1503 sunt
703 1442 805 1523 metu,
832 1439 979 1520 armatis,
1008 1461 1089 1523 quos
1112 1439 1177 1503 iam
1201 1440 1318 1504 adven-

143 1529 213 1591 tare
245 1528 430 1611 credebant,
462 1527 548 1592 haud
579 1529 643 1591 rati
674 1550 708 1592 se
735 1528 862 1593 futuros
889 1549 990 1611 pares.
1034 1527 1154 1612 Ingens
1183 1549 1260 1613 ergo
1284 1530 1318 1592 in

143 1615 351 1682 tabernaculo
381 1616 521 1682 solitudo
545 1620 615 1680 erat
636 1617 746 1702 paucis
771 1616 981 1700 spadonibus,
1013 1617 1101 1700 quia,
1131 1623 1194 1701 quo
1219 1618 1317 1682 disce-

91 1724 125 1775 10
144 1703 268 1789 darent,
290 1727 358 1770 non
380 1705 555 1790 habebant,
577 1706 860 1770 circumstantibus
884 1726 1002 1790 regem.
1040 1705 1086 1768 At
1108 1705 1162 1769 ille
1185 1708 1317 1771 remotis

143 1792 272 1857 arbitris
295 1794 350 1858 diu
373 1794 460 1858 aliud
484 1798 580 1878 atque
603 1794 690 1858 aliud
714 1794 883 1858 consilium
902 1794 1010 1859 animo
1028 1794 1206 1859 volutabat.
1233 1794 1316 1859 Iam-

143 1903 204 1964 que
224 1882 439 1967 solitudinem,
458 1905 555 1967 quam
568 1884 665 1967 paulo
680 1887 777 1947 antea
790 1905 849 1967 pro
864 1882 983 1947 solacio
997 1883 1165 1967 petiverat,
1182 1904 1317 1966 perosus

91 1990 122 2039 11
142 1967 296 2035 Bubacen
318 1972 427 2036 vocari
449 1971 548 2035 iubet.
594 1971 696 2046 Quem
719 1971 863 2054 intuens,
891 1969 976 2053 ‘Ite',
998 1971 1117 2054 inquit,
1141 1970 1316 2037 ‘consulite

142 2057 249 2142 robis,
272 2060 312 2122 ad
335 2060 485 2123 ultimum
508 2059 578 2143 regi
600 2063 722 2143 vestro,
745 2063 782 2123 ut
805 2058 947 2142 decebat,
969 2059 1032 2123 fide
1055 2060 1206 2124 exhibita.
1243 2060 1315 2146 Ego

142 2146 194 2210 hic
225 2147 331 2231 legem
363 2147 424 2211 fati
456 2148 519 2210 mei
551 2151 692 2231 expecto.
742 2146 894 2212 Forsitan
925 2147 1063 2226 mireris,
1100 2148 1185 2232 quod
1215 2151 1317 2214 vitam

90 2254 123 2303 12
142 2255 210 2299 non
232 2235 357 2299 finiam:
387 2235 493 2300 alieno
517 2237 635 2299 scelere
658 2257 755 2318 quam
777 2257 849 2300 meo
873 2236 956 2300 mori
978 2235 1085 2301 malo?
1130 2236 1210 2301 Post
1231 2238 1316 2303 hanc

141 2343 253 2386 vocem
276 2322 376 2406 spado
400 2324 523 2409 gemitu
540 2345 609 2389 non
626 2324 870 2389 tabernaculum
889 2324 994 2408 modo,
1018 2325 1190 2389 sedetiam
1210 2332 1316 2392 castra

142 2410 313 2494 conplevit.
357 2410 511 2496 Inrupere
543 2412 657 2476 deinde
689 2413 745 2476 alii
772 2413 985 2496 laceratisque
1012 2413 1156 2478 vestibus
1185 2415 1316 2500 lugubri

89 2519 122 2568 13
142 2501 175 2561 et
197 2500 334 2565 barbaro
357 2501 482 2565 ululatu
504 2522 613 2586 regem
637 2501 802 2585 deplorare
826 2505 1009 2585 coeperunt.
1047 2500 1164 2566 Persae
1184 2504 1224 2567 ad
1242 2505 1315 2569 illos

125 2587 280 2671 clamore
298 2590 423 2673 perlato
440 2591 571 2655 attoniti
589 2594 677 2654 metu
695 2611 754 2653 nec
774 2613 862 2654 arma
881 2611 1003 2674 capere,
1021 2611 1062 2653 ne
1076 2591 1111 2654 in
1124 2589 1315 2658 Bactrianos

140 2675 331 2761 inciderent,
362 2701 422 2743 nec
449 2679 610 2762 quiescere
637 2678 812 2764 audebant,
844 2699 885 2742 ne
912 2679 1010 2762 impie
1038 2679 1182 2744 deserere
1205 2702 1315 2766 regem

89 2784 123 2834 14
140 2764 334 2829 viderentur.
378 2766 497 2830 Varius
521 2789 558 2832 ac
581 2768 730 2831 dissonus
754 2768 876 2831 clamor
898 2767 968 2831 sine
992 2767 1071 2830 duce
1099 2789 1136 2831 ac
1165 2769 1234 2833 sine
1257 2772 1315 2834 im-

140 2855 230 2936 perio
261 2855 340 2918 totis
373 2856 487 2918 castris
519 2853 726 2919 referebatur.
774 2855 875 2919 Besso
909 2859 941 2919 et
969 2854 1154 2919 Nabarzani
1186 2860 1314 2922 nuntia·
1325 2855 1370 2918 34

178 3032 202 3079 6.
231 3027 272 3080 ad
298 3028 700 3093 necessaria...fercadc
753 3034 815 3082 11.
837 3034 878 3083 10.
898 3034 922 3083 5.
943 3035 966 3084 8.
991 3058 1024 3068 -
1052 3035 1137 3084 metu
1155 3033 1251 3086 wisa.
1273 3039 1315 3089 11.

142 3121 176 3141 =
194 3098 232 3150 ud
249 3103 424 3152 caumatum
437 3098 592 3167 petendum,
611 3099 699 3165 coufe—
755 3104 787 3152 12
807 3100 981 3167 dissipantur
998 3105 1076 3155 metu

140 3168 264 3223 rendum.
297 3168 473 3235 Necessaria,
493 3194 526 3213 =
545 3163 699 3238 ἀναγκαῖα,
792 3176 832 3223 10.
848 3186 911 3238 pro
924 3173 1060 3236 solacio,
1079 3171 1314 3241 ‘aumTroste',

142 3233 289 3308 ἐπιτήδεια
315 3240 373 3295 und
400 3256 443 3294 res
464 3241 631 3294 moereamus
652 3241 700 3294 bei
753 3240 986 3309 wieuemuspro
1005 3243 1195 3308 eructabant,
1215 3269 1249 3288 =
1267 3263 1315 3297 zur

140 3308 236 3378 Ctsar,
263 3310 302 3365 ist
328 3311 358 3365 in
385 3311 489 3367 diesem
512 3311 596 3366 Sinne
623 3313 700 3365 sonst
753 3311 841 3381 Burg,
870 3316 1001 3366 1110.
1035 3344 1068 3352 -
1096 3329 1238 3380 perosus
1261 3315 1314 3368 wie

139 3380 215 3435 wohl
233 3381 313 3435 nicht
329 3381 433 3437 siblich.
748 3398 878 3450 pausam
896 3399 950 3437 esse
968 3409 1002 3428 =
1021 3385 1107 3438 odisse
1121 3383 1181 3438 Liv.
1195 3391 1220 3438 3.
1231 3391 1273 3440 34.
1285 3392 1314 3451 8;

177 3458 201 3506 7.
229 3454 366 3521 uulgato
389 3478 423 3499 =
441 3454 594 3521 patefacto,
620 3468 699 3522 eapo-
754 3459 778 3506 3.
798 3459 841 3508 39.
861 3459 885 3508 5.
913 3453 1053 3508 Aehnlioh
1070 3457 1157 3508 unten
1177 3461 1218 3510 13.
1239 3462 1314 3510 9111-

138 3523 207 3586 sita·
225 3537 255 3574 so
274 3521 359 3577 schon
376 3523 424 3577 bei
439 3524 508 3592 Liv.,
526 3523 598 3578 doch
616 3524 701 3579 meist
753 3524 802 3578 osi.
822 3555 855 3563 -
874 3525 1045 3593 Bubacen,
1064 3543 1085 3578 s.
1106 3531 1148 3578 11.
1168 3532 1193 3580 4.

139 3591 193 3645 mit
202 3591 350 3646 Beisatzen
367 3593 420 3648 wie
438 3610 565 3660 11111111,
584 3611 698 3650 rumore.
791 3600 832 3648 11.
865 3596 993 3677 lupam,
1030 3595 1091 3650 hier
1116 3621 1150 3641 =
1176 3595 1314 3666 Spruoh‚

176 3663 564 3732 8.perfusus,dbersetzez
586 3664 699 3736 ‘geba
752 3664 1020 3736 Entscherdung.
1058 3697 1091 3706 -
1129 3668 1241 3721 alieno
1273 3685 1314 3722 sc.

138 3733 198 3788 det
219 3733 253 3787 in
277 3733 462 3801 Thranen',
495 3751 524 3789 so
542 3737 616 3803 perf.
634 3739 700 3804 [11111
753 3736 1314 3807 1111111111.Ἶ11811111113.6.6.αῐ1“111

138 3804 263 3860 beiLiv.
283 3810 387 3858 4111.
407 3811 431 3859 2.
455 3837 489 3845 -
521 3808 646 3861 mutuis
665 3833 698 3852 =
752 3823 793 3860 111
814 3808 885 3860 mori
906 3808 1001 3861 scelere
1023 3825 1105 3876 quam
1122 3814 1194 3863 metu
1212 3815 1314 3865 uostro.

142 3874 356 3945 ‘beiderseitig’,
370 3874 458 3932 wie4.
470 3881 623 3932 maluo.
642 3878 699 3933 Das
752 3876 802 3930 Als
833 3877 1005 3932 unstatthaft
1033 3880 1137 3933 musste
1161 3879 1314 3948 jedenfalls

138 3947 203 4001 Bild
221 3947 260 4001 ist
272 3947 408 4014 unschdn3
423 3948 550 4015 profusis
563 3953 637 4002 wtre
651 3966 699 4003 an·
753 3947 802 4003 der
814 3946 988 4002 Selbstmord
1006 3948 1198 4021 einestnigs
1217 3951 1247 4004 in
1261 3952 1315 4006 sol·

138 4018 331 4087 sprechender.
368 4049 403 4057 —
440 4018 531 4072 uelut
562 4037 581 4073 a
611 4034 699 4088 rogo,
752 4018 904 4088 cherLage
918 4020 1076 4090 angesehen
1089 4021 1209 4089 werden,
1228 4023 1315 4076 selbst

138 4089 295 4144 ubersetze:
323 4088 364 4143 als
386 4089 458 4159 gehe
481 4105 513 4143 er
533 4106 589 4143 von
608 4089 699 4144 einem
751 4106 807 4144 von
826 4090 880 4144 den
898 4090 1035 4145 Stoikern.

140 4158 250 4215 Todten
263 4160 383 4246 hinweg.
400 4191 433 4199 -
452 4161 488 4214 iu
505 4160 633 4215 tamum
650 4161 698 4215 be·
789 4165 967 4228 12111111,
983 4160 1314 4233 ‘dasganzehager’,

137 4228 214 4285 nieht
236 4230 295 4285 sich
318 4225 375 4286 ἄπο
394 4231 491 4286 κοινοῦ
516 4230 567 4285 auf
578 4248 699 4301 1111111111
751 4249 771 4285 s.
792 4237 816 4286 3.
838 4238 878 4286 18.

139 4300 197 4355 und
215 4303 320 4358 abiecit.
358 4301 385 4357 S.
406 4308 538 4357 3.11.4.
789 4308 831 4357 14.
865 4303 938 4357 siue
965 4304 1046 4357 duce
1072 4303 1126 4358 wie
1153 4304 1231 4369 famu
1253 4305 1313 4358 siue

175 4372 697 4444 1111111111,11111111181111.
751 4378 861 4429 auctore
891 4373 939 4428 bei
972 4374 1085 4431 Seneca.
1130 4374 1312 4430 Uebersetze:

73 4478 90 4512 1-
