2790 4792
170 231 235 296 100
620 230 653 294 Q.
672 226 785 284 cmm
802 226 890 282 RUFI

133 415 150 464 c
169 397 268 480 gusta
289 392 405 458 aditur.
439 391 480 456 In
501 390 610 457 modio
629 389 815 456 altitudinis
834 390 943 474 spatio
965 389 1066 455 habet
1082 411 1230 475 specum,
1251 389 1341 456 cuius

167 505 206 548 os
224 486 331 547 artum
349 484 383 546 et
396 481 571 547 obscurum
588 483 648 564 est,
665 479 826 564 paulatim
845 479 962 545 deinde
974 478 1131 546 ulteriora
1147 478 1342 564 panduntur,

167 571 284 636 ultima
309 569 409 634 etiam
439 569 525 635 altos
551 589 698 634 recessus
724 566 857 633 habent
906 566 1028 635 Fontes
1055 589 1116 653 per
1140 571 1250 634 totum
1274 567 1342 634 fere

167 681 298 744 specum
324 662 474 744 manant,
506 679 525 722 e
553 658 673 743 quibus
699 657 841 723 collatae
867 678 971 741 aquae
999 678 1060 741 per
1088 678 1194 743 prona
1221 657 1342 723 montis

130 749 288 817 etlumen
309 747 474 813 emittunt
514 744 586 811 Rex
607 745 673 812 loci
695 745 891 810 difficultate
913 748 1063 831 spectata
1084 749 1247 811 statuerat
1267 745 1342 811 inde

168 837 273 921 abire,
295 836 412 920 cupido
432 835 547 900 deinde
570 834 704 901 incessit
721 834 832 900 animo
850 837 1003 900 naturam
1025 854 1152 921 quoque
1173 833 1343 920 fatigandi

130 925 263 995 sPrius
288 929 400 991 tamen
433 946 532 1010 qnam
561 922 730 989 fortunam
757 923 938 990 obsidionis
964 923 1177 1008 experiretur,
1208 921 1344 1008 Cophen

170 1050 209 1062 -
225 1014 383 1080 Artabom
404 1013 459 1079 hic
481 1012 660 1079 filiuserat
680 1048 720 1061 -
739 1012 832 1078 misit
848 1012 891 1079 ad
912 1013 1086 1098 barbaros,
1106 1013 1162 1097 qui
1183 1011 1343 1096 suaderet,

167 1107 206 1169 ut
228 1103 382 1169 dederent
402 1123 527 1186 rupem
572 1100 744 1167 Arimazes
771 1101 844 1167 loco
871 1100 976 1167 fretus
1002 1100 1141 1186 superbe
1167 1100 1275 1166 multa
1296 1123 1343 1166 rc·

169 1191 316 1278 spondit,
343 1192 386 1257 ad
407 1191 576 1276 ultimum,
603 1211 646 1256 an
667 1189 855 1256 Alexander
875 1190 987 1257 volare
1007 1192 1132 1274 posset,
1153 1190 1343 1277 interrogat.

136 1280 262 1384 eQuae
283 1280 437 1346 nuntiata
456 1279 531 1365 regi
557 1279 605 1346 sic
631 1278 806 1382 accendere
828 1280 987 1363 animum,
1015 1282 1054 1345 ut
1075 1277 1245 1380 adlribitis,
1272 1300 1343 1344 cium

169 1366 1343 1543 3333333333333333

135 1551 266 1616 vnocte
288 1547 494 1631 offecturum,
522 1550 562 1611 ut
583 1547 730 1612 crederet
751 1544 946 1612 Macedones
969 1546 1067 1612 etium
1092 1545 1212 1611 volare.
1248 1543 1342 1627 ‘0002

171 1635 293 1723 inquit,
316 1635 571 1721 ‘pernicissimos
594 1635 726 1700 iuvenes
746 1656 786 1700 ex
809 1635 875 1700 suis
894 1635 1030 1721 quisque
1052 1633 1154 1718 copiis
1175 1632 1341 1719 perducite

171 1724 296 1804 adme,
318 1724 375 1810 qui
392 1746 451 1809 per
469 1724 569 1789 calles
588 1727 622 1788 et
644 1746 747 1809 paene
764 1723 872 1791 invias
890 1746 988 1808 rupes
1007 1722 1096 1788 domi
1111 1743 1230 1807 pecora
1247 1743 1341 1808 agere

136 1835 153 1884 s
171 1812 426 1879 consueverant?
462 1812 517 1878 Illi
539 1816 746 1898 praestantes
769 1816 804 1878 et
824 1812 960 1878 levitate
982 1832 1152 1897 corporum
1173 1814 1208 1875 et
1230 1810 1342 1876 ardore

169 1903 352 1968 animorum
379 1905 513 1968 strenue
541 1902 715 1967 adducunt.
761 1901 850 1981 Quos
876 1902 1009 1967 intuens
1036 1922 1107 1986 rex,
1132 1896 1341 1982 ‘Vobiscum

168 1991 289 2076 inquit,
315 1989 351 2056 ‘o
378 1990 512 2055 iuvenes
540 1995 574 2056 et
600 1991 665 2056 mei
692 1990 860 2076 aequales,
889 1990 1020 2056 urbium
1045 1988 1240 2054 invictarum
1268 1995 1341 2052 ante

168 2101 220 2145 me
248 2079 450 2144 munimenta
478 2079 644 2165 superavi,
670 2080 834 2146 montium
860 2079 940 2166 iuga
964 2077 1098 2163 perenni
1125 2076 1199 2142 nive
1226 2075 1341 2142 obruta

170 2190 320 2233 emensus
339 2190 423 2250 sum,
443 2168 613 2253 angustias
631 2166 767 2235 Ciliciae
784 2168 916 2253 intravi,
933 2165 1047 2233 Indiae
1065 2166 1135 2232 sine
1151 2164 1341 2231 lassitudine

134 2258 236 2327 evim
258 2256 392 2342 frigoris
417 2278 490 2321 sum
511 2277 692 2341 perpessus.
734 2256 780 2323 Et
801 2257 867 2323 mei
890 2257 1082 2323 documenta
1098 2253 1192 2320 vobis
1214 2252 1288 2320 dedi
1311 2256 1341 2318 et

170 2349 281 2410 vestra
298 2344 412 2410 habeo'.
448 2343 561 2430 Petra,
584 2368 682 2430 quam
699 2346 831 2430 videtis,
854 2368 955 2411 unum
974 2345 1095 2410 aditum
1112 2342 1225 2426 habet,
1248 2363 1341 2426 quem

170 2433 301 2499 barbari
331 2433 494 2499 obsident:
528 2437 635 2499 cetera
657 2436 848 2521 neglegumt,
877 2436 987 2500 nullae
1009 2433 1139 2519 vigiliae
1163 2433 1252 2513 sunt,
1280 2431 1341 2495 nisi

118 2544 151 2594 10
170 2545 252 2608 quae
284 2525 392 2588 castra
428 2526 542 2589 nostra
575 2527 732 2607 spectant.
785 2524 964 2590 Invenietis
997 2522 1099 2606 mam,
1130 2520 1159 2585 si
1195 2520 1340 2584 sollerter

170 2612 281 2677 rimati
308 2612 436 2677 fueritis
466 2611 574 2677 aditus
606 2612 747 2678 ferentes
775 2613 817 2678 sd
844 2633 1007 2679 cacumen
1055 2609 1146 2676 Nihil
1177 2612 1247 2674 tam
1278 2609 1341 2672 alte

169 2705 287 2766 natura
316 2701 500 2786 constituit,
533 2723 595 2785 quo
629 2701 733 2766 virtus
765 2723 832 2766 non
862 2701 968 2786 possit
994 2699 1082 2766 eniti
1130 2696 1341 2782 Experiendo,

122 2810 154 2859 11
174 2811 256 2872 quae
270 2791 370 2854 ceteri
388 2789 642 2875 desperaverint,
656 2789 771 2855 Asiam
789 2789 948 2856 habemus
962 2789 997 2855 in
1010 2789 1179 2874 potestate.
1205 2785 1341 2851 Evadite

172 2878 208 2943 in
229 2899 394 2942 cacumen:
428 2877 514 2961 quod
538 2899 611 2943 cum
635 2880 800 2964 ceperitis,
828 2878 973 2944 candidis
1003 2876 1083 2943 velis
1111 2876 1240 2959 signum
1263 2873 1341 2941 mihi

172 2965 307 3048 dabitis,
330 2985 391 3049 ego
415 2966 518 3048 copiis
542 2967 683 3032 admotis
705 2967 836 3034 hostem
859 2969 895 3033 in
915 2990 976 3034 nos
999 2989 1019 3032 a
1039 2964 1130 3032 vobis
1148 2967 1340 3029 convertam.

119 3075 153 3125 12
171 3053 355 3118 Praemium
383 3054 447 3118 erit
473 3055 516 3137 ei,
549 3055 605 3139 qui
637 3056 761 3140 primus
789 3056 996 3142 occupaverit
1020 3053 1186 3136 verticem,
1217 3052 1341 3117 talenta

171 3162 205 3230 x,
228 3165 291 3209 uno
315 3143 423 3209 minus
447 3144 598 3227 accipiet,
625 3145 681 3228 qui
702 3147 867 3229 proximus
891 3146 920 3212 ei
943 3143 1078 3228 venerit,
1107 3140 1282 3226 eademque
1304 3137 1341 3205 ad

171 3234 281 3298 decem
306 3232 454 3298 homines
483 3233 666 3299 servabitur
692 3235 811 3319 portio.
861 3233 995 3302 Certum
1021 3235 1127 3297 autem
1153 3229 1259 3296 habeo
1286 3249 1340 3295 vos

209 3469 233 3514 3.
262 3462 349 3515 altos
375 3477 541 3528 recessus,
570 3461 736 3533 ‘hochge-
826 3471 850 3521 7.
864 3480 926 3534 per
944 3462 1049 3518 colles
1066 3476 1086 3516 s.
1105 3464 1129 3513 8.
1150 3462 1192 3513 10.
1212 3461 1254 3513 10.

173 3531 301 3610 vvtlbte
328 3529 479 3600 R'aume',
507 3532 552 3586 die
580 3534 641 3588 sich
668 3533 736 3589 veit
825 3535 1341 3612 &mampuolaamcibetontmit

173 3600 270 3655 hmein
288 3601 394 3654 ziehen.
411 3603 610 3683 scollctcc
625 3630 658 3650 =
673 3621 735 3660 coac
788 3615 895 3686 konigl.
929 3608 1125 3682 selbstgefflhl.
1152 3636 1187 3649 -·-
1219 3608 1341 3663 Indice

173 3673 293 3741 fluentes.
338 3672 378 3725 Zu
404 3677 530 3727 cmcttoat
553 3675 610 3743 vgl.
638 3678 736 3731 emittit
789 3687 816 3741 (1,
835 3687 863 3741 h,
885 3684 1020 3741 machot
1041 3698 1094 3737 nur
1111 3678 1230 3735 omae
1248 3677 1340 3734 Μὰ

173 3749 249 3826 terra
271 3743 402 3832 totitem,
427 3744 517 3798 camis
539 3746 666 3802 nebulam
689 3747 736 3802 bei
789 3757 1002 3826 (Parapamiso.
1044 3751 1107 3824 Vgl
1134 3756 1158 3805 3.
1186 3754 1283 3805 7-18.
1309 3776 1340 3788 -

174 3814 247 3870 le.
266 3815 292 3869 d·
312 3833 338 3869 a·
789 3834 902 3884 oestro
920 3854 955 3875 =
972 3825 1089 3894 ocatrs',
1106 3839 1127 3877 s.
1144 3819 1218 3877 llinl.
1235 3824 1253 3887 5
1270 3819 1340 3875 101).

211 3901 237 3950 4·
259 3895 438 3978 latitandi
460 3894 568 3950 ⁸l521k01
591 3897 632 3951 21⁸
649 3914 736 3968 vm
827 3916 869 3964 10.
898 3910 964 3964 alte
991 3901 1182 3970 coustituit,
1206 3900 1266 3972 vgl
1292 3899 1341 3955 acc

67 3982 93 4022 Ι
176 3967 291 4036 ymmdt
322 3966 386 4036 Vgl.
401 3983 490 4033 alim,
504 3968 670 4036 patientiam
684 3970 737 4024 add·
790 3986 925 4052 molare,
943 3993 1057 4050 surpere.

177 4052 256 4092 0141143
273 4038 409 4108 laudale?
430 4039 519 4094 Wlss
536 4041 653 4110 “illm
669 4041 736 4108 fall·
828 4058 869 4108 12.
885 4052 965 4117 crit,
981 4048 1060 4105 nicht
1071 4048 1151 4103 mat
1162 4059 1184 4097 ⁸·
1198 4040 1271 4097 Effl-
1284 4044 1338 4108 §²⁵

178 4123 250 4176 We·
747 4183 751 4190 ,
790 4125 872 4179 Anm.
892 4153 926 4164 —
946 4136 1013 4177 ano
1033 4119 1139 4175 mices
1159 4113 1214 4168 wie
1235 4110 1292 4168 Cic.
1311 4111 1339 4165 in

214 4191 240 4239 t.
259 4187 403 4256 cepaea,
421 4208 441 4244 s.
456 4190 517 4244 Arr.
535 4197 560 4246 2.
583 4197 629 4259 153
648 4199 673 4249 3.
693 4198 736 4246 23.
790 4196 869 4252 Verr.
900 4200 923 4248 1.
949 4197 999 4248 149
1025 4205 1081 4246 mco
1100 4186 1193 4243 aemes
1215 4188 1285 4240 tuta
1306 4210 1337 4222 ··

181 4259 737 4332 -volars,vg1.nrr.4.1sctvys'-
791 4269 834 4323 od
856 4267 963 4322 decem
985 4287 1019 4310 ε-
1040 4273 1122 4331 W
1144 4256 1183 4313 αὖ
1203 4255 1336 4312 mm

77 4380 79 4397 ἰ
172 4325 240 4377 lun
269 4329 490 4403 βαρβαρίζοντες
519 4329 643 4406 πτηνοὺς
678 4329 738 4389 tae'·
790 4323 1336 4464 pprtio,dbers.=dbstufung,eigcntl·

77 4402 88 4503 p
162 4393 252 4448 ²⁸00⁷
260 4399 747 4480 ζητεῖνστρατιώταςᾍλέξανδρον.
825 4402 1125 4468 lie'ilvertitltuiuu·x
1149 4414 1203 4454 nur
1231 4414 1262 4453 m
1291 4396 1337 4451 der
