2790 4792
335 223 590 281 HISTORIARUM
608 224 823 280 Annmnnar
840 225 874 295 X,
893 232 918 281 ὁ.
937 234 962 281 6.
1169 227 1235 292 235

61 389 96 451 in
120 408 215 472 quem
238 385 417 452 Alexandri
438 387 570 453 fortuna
596 391 681 453 esset
704 388 891 454 transitura.
936 387 1033 455 Multi
1056 389 1153 456 duces
1172 391 1269 455 fre-2

59 475 194 560 quentia
227 474 370 540 militum
404 476 525 541 exclusi
557 476 683 563 regiam
714 477 836 542 intrare
868 498 933 542 non
964 482 1130 561 poterant,
1162 501 1235 544 cum

83 584 177 629 raeco
209 564 364 648 exceptis,
396 564 452 649 qui
478 564 673 631 nominatim
700 565 890 648 citarentur,
924 566 1012 631 adire
1039 567 1236 652 prohiberet.

60 588 124 718 ded
155 653 336 736 precarium
369 653 582 737 spernebatur
613 654 795 738 imperium.
844 652 893 718 Ac
921 655 1063 739 primum
1096 655 1269 720 eiulatus3

59 743 175 895 tte:
199 741 963 898 litttttttttdttttattthldt
981 744 1270 917 ttttttt,

58 923 270 1003 conspectum
302 917 391 1004 volgi
419 918 508 1000 data,
541 920 576 984 in
603 942 665 1005 qua
692 919 840 985 diadema
868 921 1030 1006 vestisque
1057 920 1234 985 Alexandri

58 1031 134 1074 cum
153 1008 252 1073 armis
272 1011 378 1092 erant,
398 1008 532 1074 anulum
553 1008 615 1073 sibi
633 1009 736 1092 pridie
755 1008 915 1074 traditum
935 1032 953 1074 a
972 1030 1049 1095 rege
1067 1010 1102 1073 in
1121 1009 1234 1074 eadem

61 1097 134 1163 sede
153 1097 275 1181 posuit:
298 1119 435 1181 quorum
454 1097 611 1182 adspectu
629 1119 739 1163 rursus
760 1097 895 1163 obortae
913 1099 1063 1163 omnibus
1082 1098 1234 1163 lacrimae

60 1188 264 1270 integravere
287 1187 419 1251 luctum.
461 1185 507 1251 Et
529 1185 694 1270 Perdicca,
720 1185 804 1270 ‘Ego
828 1186 984 1271 quidem,'
1007 1187 1122 1271 inquit,
1145 1185 1269 1250 ‘anu-e

60 1276 143 1357 lum,
165 1295 227 1357 quo
251 1275 306 1340 ille
329 1275 422 1359 regni
445 1277 541 1360 atque
564 1275 693 1358 imperii
715 1277 799 1340 vires
821 1277 994 1359 obsignare
1017 1278 1087 1340 erat
1106 1275 1235 1359 solitus,

59 1362 217 1427 traditum
241 1364 281 1427 ab
306 1363 377 1446 ipso
401 1363 482 1427 mihi
500 1362 599 1427 reddo
618 1364 720 1428 vobis.
758 1361 910 1429 Ceterum
929 1385 1124 1449 quamquam
1141 1363 1233 1429 nulla
1252 1377 1269 1426 e

57 1451 167 1516 clades
193 1451 282 1533 huic,
310 1472 373 1535 qua
401 1451 521 1516 adfecti
549 1473 673 1536 sumus,
700 1474 760 1536 par
788 1454 828 1518 ab
856 1453 950 1519 iratis
978 1452 1027 1516 dis
1056 1452 1234 1539 excogitari

39 1544 182 1624 potest,
217 1543 328 1606 tamen
357 1539 611 1625 magnitudinem
643 1562 765 1624 rerum,
802 1563 881 1625 quas
915 1541 996 1628 egit,
1032 1540 1233 1607 intuentibus
1284 1603 1287 1610 .

58 1629 190 1694 credere
215 1629 306 1713 licet,
336 1631 463 1694 tantum
486 1630 592 1695 virum
615 1628 692 1694 deos
716 1629 976 1695 accommodasse
999 1630 1095 1695 rebus
1122 1630 1235 1695 huma·

56 1718 123 1801 nie,
156 1739 292 1802 quarum
326 1723 412 1783 sorte
440 1719 591 1802 conpleta
618 1718 683 1782 cito
712 1721 898 1801 repeterent
926 1740 999 1782 eum
1028 1741 1103 1783 suae
1130 1719 1234 1802 stirpi.

56 1806 198 1871 Proinde
219 1807 371 1891 quoniam
389 1807 472 1872 nihil
491 1807 580 1872 aliud
599 1829 638 1871 ex
658 1814 695 1872 'eo
716 1812 876 1890 superest,
895 1828 993 1891 quarn
1008 1805 1092 1890 quod
1107 1827 1234 1890 semper
1252 1820 1267 1868 ‘1

58 1896 99 1959 ab
128 1896 377 1961 immortalitate
406 1894 582 1977 seducitur,
610 1897 739 1980 corpori
761 1895 948 1980 nominique
972 1916 1069 1979 quam
1091 1893 1233 1979 primum

57 1984 145 2048 iusta
173 1984 350 2066 solvamus,
376 1984 465 2049 haud
493 1984 603 2068 obliti,
630 1984 665 2049 in
693 2007 757 2068 qua
784 1985 877 2069 urbe,
904 1985 989 2048 inter
1015 2005 1095 2068 quos
1124 1983 1233 2068 simus,

59 2072 149 2155 quali
167 2072 314 2155 praeside
334 2095 370 2138 ac
389 2093 463 2158 rege
483 2073 625 2157 spoliati.
662 2072 879 2139 Tractandum
899 2077 962 2156 est,
985 2071 1233 2156 commilitones,
1252 2086 1268 2135 8

56 2160 344 2246 cogitandumque,
363 2165 400 2225 ut
417 2162 589 2227 victoriam
606 2165 737 2246 partam
755 2162 839 2229 inter
857 2163 931 2246 hos,
950 2161 988 2226 de
1008 2157 1124 2246 quibis
1139 2165 1234 2245 parta

58 2403 166 2473 ktnigl.
185 2403 477 2476 Generaladjutanten.
496 2437 531 2447 —
549 2407 618 2472 for·
671 2406 791 2461 beachte
809 2405 855 2460 die
874 2405 983 2460 seharle
1002 2405 1166 2475 Markirung
1185 2405 1234 2460 der

57 2479 152 2528 tama.
193 2474 248 2530 Der
271 2476 401 2547 Singular
427 2477 543 2543 fortaaa
570 2477 617 2531 be
672 2475 813 2531 Personen
831 2475 918 2530 durch
937 2476 983 2530 die
1001 2475 1179 2532 Pronomina.

58 2544 187 2601 zeichnet
214 2546 308 2616 htufig
334 2547 379 2602 die
402 2547 617 2616 Rangstellung‚
708 2554 733 2601 6.
761 2548 906 2602 eredere
933 2548 1039 2614 lieet,
1068 2547 1141 2602 ohne
1168 2548 1232 2602 dass

57 2614 181 2673 Wr'r'rde
199 2618 276 2672 einer
294 2617 411 2687 Person,
430 2616 511 2673 nicht
528 2617 618 2672 selten
671 2618 723 2672 wir
740 2617 905 2672 hefdrchten
923 2623 1048 2687 mdssen,
1072 2618 1118 2672 die
1140 2617 1232 2673 schul-

56 2686 113 2741 mit
130 2688 253 2758 dipaitcs
270 2689 438 2744 verbunden.
604 2755 607 2759 ⁸
671 2689 736 2761 dige
750 2687 902 2744 Ehrfuroht
919 2705 970 2744 vor
988 2690 1038 2744 der
1052 2688 1181 2744 Gottheit
1199 2707 1233 2742 au

94 2758 615 2827 2.prohiberet,deconatu;Sinn:
671 2760 816 2816 verletzeu.
859 2790 892 2800 —
936 2760 1231 2815 accommodasse.

59 2829 202 2899 ‘obgleieh
214 2830 263 2885 der
273 2848 318 2899 pr.
331 2831 391 2885 sich
405 2831 548 2899 bemr'ihte,
561 2831 618 2886 alle
672 2830 752 2887 Sinn:
772 2830 836 2886 dass
855 2831 900 2886 die
919 2830 1020 2887 (letter
1038 2829 1134 2886 diesen
1152 2847 1231 2901 gros·

56 2918 114 2956 von
141 2901 204 2957 dem
226 2901 344 2956 Eintritt
369 2902 557 2958 abauhalten’.
583 2933 617 2943 -
672 2918 721 2957 sen
742 2902 827 2956 Manu
850 2905 1039 2972 angepasst
1060 2903 1154 2958 haben
1176 2901 1231 2957 den

53 2974 256 3039 precariam.
294 2972 322 3027 S.
341 2979 365 3028 4.
386 2980 444 3029 tl
473 2990 535 3029 ema
553 2990 618 3042 pre·
671 2972 811 3029 irdisehen
830 2973 1100 3043 Verbaltnisseuld.
1121 2974 1149 3030 h.
1174 2973 1231 3029 ein-

57 3045 134 3098 camo
151 3045 272 3112 imperio.
312 3044 393 3100 Sinn:
421 3062 487 3101 man
505 3043 618 3100 aehtete
671 3047 777 3127 geengt
798 3045 891 3099 haben
914 3044 944 3098 in
962 3045 1008 3100 die
1026 3044 1232 3100 beschrankten

56 3113 136 3168 nicht
154 3115 244 3170 seiner
261 3116 502 3186 Amtsgewalt,
523 3115 618 3172 indem
670 3115 1034 3184 irdisohenVerhaltniae),
1047 3115 1104 3180 ,auf
1120 3115 1185 3169 dass
1199 3132 1230 3169 er

56 3200 123 3240 man
137 3184 182 3239 die
197 3185 454 3258 Berechtigung
470 3187 617 3243 derselben
672 3185 749 3241 diese
762 3185 854 3240 ihrem
868 3184 942 3240 Ziela
956 3185 1071 3240 zulthre
1084 3185 1142 3239 und
1156 3185 1232 3240 daun

56 3254 136 3309 nieht
154 3256 334 3314 anerkannte.
669 3275 702 3310 zu
715 3257 801 3311 ihnen
815 3255 1014 3312 nurfickkohre.
1045 3256 1109 3325 Vgl.
1123 3261 1148 3309 4.
1160 3262 1184 3310 7.
1196 3261 1230 3310 23

93 3331 118 3379 4.
146 3327 183 3381 ia
203 3331 427 3397 'conspectam
464 3329 516 3383 Die
540 3326 615 3383 Clas·
669 3328 785 3396 effipiam
812 3328 868 3382 dite
900 3329 1018 3394 artifices
1046 3328 1230 3382 accommoda·

57 3395 343 3482 siherhabeqqem're,
354 3400 510 3469 prodirem
524 3414 614 3483 aucep
669 3404 775 3453 ceram.
811 3396 964 3452 Verwandt
981 3398 1026 3453 'ist
1049 3397 1093 3478 die
1112 3397 1231 3453 schmei·

56 3468 616 3621 irremuneratam?
668 3468 790 3622 {litii
808 3467 1231 3610 detrahatur

56 3615 152 3666 ctam.
189 3611 283 3681 Vergl.
308 3611 352 3668 die
376 3611 505 3667 ahnlrche
529 3611 616 3667 Stella
670 3610 802 3665 Claudius
830 3613 916 3680 (cons.
940 3611 977 3666 ad
999 3609 1098 3680 Polyb.
1123 3618 1165 3666 12.
1189 3613 1229 3680 t):

56 3680 130 3736 oben
149 3688 173 3736 t.
194 3688 217 3735 1.
670 3683 701 3738 a·
718 3682 798 3737 ittam
815 3683 931 3752 deaeque
948 3684 1030 3738 termo
1050 3683 1100 3738 dia
1118 3699 1230 3738 commo

93 3757 118 3806 ὁ.
146 3754 242 3822 repat
260 3759 358 3824 atque
375 3754 511 3823 imperii
528 3755 617 3809 airas
670 3753 735 3808 dcat
757 3778 791 3799 ==
815 3759 935 3825 mogon
956 3753 1086 3821 leihen,
1113 3753 1230 3808 ferner

55 3824 243 3893 obsipaare.
267 3824 618 3895 DieWendungistkdhn
670 3824 794 3879 lescen.

55 3893 114 3976 und
132 3893 211 3977 nieht
229 3913 299 3978 gana
318 3895 451 3952 deutlich.
489 3895 617 3978 Vmecist
708 3901 732 3949 7.
754 3895 930 3977 reducitur
954 3895 1000 3949 fdr
1022 3895 1160 3976 cartarum
1183 3900 1228 3949 ert.

56 3967 617 4118 turrecrematae
671 3965 793 4093 {30th
805 3965 919 4092 ttfsfl'
936 3965 1230 4105 carattere

57 4108 134 4161 ke1t
152 4108 211 4162 der
228 4107 351 4177 Krene,
370 4109 396 4165 d.
411 4110 438 4165 h.
458 4108 537 4174 alles,
555 4123 613 4163 was
668 4107 759 4163 seiner
819 4109 901 4173 tude,
929 4106 1034 4161 seinem
1058 4107 1154 4176 hange
1180 4105 1231 4162 aul

57 4177 102 4232 die
131 4177 223 4234 Krone
251 4179 346 4234 besam
372 4180 429 4234 und
454 4178 613 4234 anordnete.
667 4179 769 4236 Erden.
802 4179 867 4248 Vgl.
883 4185 906 4234 ἵ.
921 4184 939 4231 4
952 4193 1048 4233 aomca
1061 4179 1228 4232 memoriam

56 4247 195 4332 Aehulich
217 4251 328 4318 imperit
350 4252 420 4306 circe
444 4257 467 4306 t.
489 4255 535 4318 153
558 4266 613 4319 pa
667 4267 718 4320 qm
740 4251 826 4320 maim
853 4255 893 4303 10.
913 4254 947 4303 20
970 4265 1044 4304 mem.
1063 4249 1227 4331 aemoma'm‘.

57 4320 143 4375 blecca
164 4336 235 4376 acres
260 4326 285 4378 t.
310 4327 352 4377 12.
391 4321 501 4376 Ardere
522 4320 614 4376 lesen:
704 4325 729 4376 8.
751 4321 987 4376 Tractandum.
1014 4318 1111 4375 Sobel
1126 4318 1228 4375 Classi-

56 4391 167 4460 imperii
179 4407 229 4448 ree.
244 4423 279 4433 -
293 4393 332 4449 ab
347 4394 420 4463 ipso
432 4392 519 4448 mitt.
547 4393 615 4448 Man
668 4391 738 4448 kern
753 4391 870 4460 (maimo)
884 4395 1002 4448 tractare
1019 4406 1085 4460 rma,
1103 4392 1230 4456 amicalia,
