2790 4792
152 204 197 271 26
602 203 634 270 Q.
655 201 871 258 0222111221

97 389 131 438 23
151 368 251 434 ceteri
277 366 443 451 proximos
473 368 600 431 montes
629 369 877 450 occupaverunt.
926 365 1108 454 Praerupta
1139 388 1237 450 rupes
1272 372 1333 452 est,

151 479 216 542 qua
235 458 361 540 spectat
380 454 594 519 occidentem:
613 453 738 537 eedem,
757 476 822 538 qua
837 453 944 536 vergit
958 453 999 518 ad
1014 454 1187 539 orientem,
1206 455 1331 522 leniore

151 545 314 610 submissa
349 543 483 629 fastigio
520 543 633 607 multis
670 542 841 608 arboribus
874 542 982 607 obsita
1017 563 1191 626 perennem
1230 544 1331 610 habet

150 634 289 716 fontem,
318 653 357 696 ex
385 653 449 716 quo
478 631 570 715 large
598 652 700 715 aquae
729 634 872 697 manant.
917 627 1079 696 Circuitus
1106 632 1176 696 eius
1198 651 1276 700 xxx
1299 636 1332 699 et

97 744 132 793 24
151 722 214 788 duo
238 720 345 786 stadia
367 719 607 803 conprehendit.
653 718 692 783 In
714 719 836 785 vertice
859 718 1013 784 herbidus
1038 740 1184 804 campus:
1202 721 1246 786 ‘in
1268 721 1331 788 hoc

151 809 396 876 multitudinem
410 808 563 873 inbellem
578 807 744 872 considere
763 807 886 873 iubent.
922 805 1001 892 Ipsi,
1019 830 1084 892 qua
1096 830 1195 892 rupes
1210 810 1332 894 deerat,

97 920 131 970 as
150 900 304 964 arborum
322 900 456 963 truncos
475 900 509 961 et
526 905 606 960 'saxa
624 896 855 962 obmoliuntur.
891 914 957 961 x111
971 895 1064 961 milia
1083 900 1210 963 armata
1229 903 1332 982 erant,

149 988 186 1052 in
215 1008 353 1071 quorum
381 985 550 1051 obsidione
573 983 707 1051 Cratero
735 984 852 1050 relicto
879 985 949 1068 ipse
976 981 1211 1051 Satibarzanen
1239 989 1332 1072 sequi

149 1075 296 1142 festinat.
340 1073 387 1140 Et
414 1073 490 1158 quia
515 1073 646 1157 longius
670 1073 783 1138 abesse
807 1095 883 1138 eum
904 1077 1115 1158 cognoverat,
1142 1075 1184 1140 ad
1208 1077 1381 1160 expug-23

97 1187 134 1236 se
151 1163 279 1229 nendos
299 1184 368 1245 eos,
391 1162 448 1247 qui
467 1161 556 1227 edita
572 1162 735 1227 montium
754 1165 1006 1246 occupaverant,
1023 1162 1118 1230 redit
1154 1164 1204 1228 Ac
1223 1164 1331 1248 primo

152 1252 323 1336 repurgari
346 1250 450 1335 iubet,
474 1249 630 1335 quidquid
652 1250 780 1336 ingredi
802 1255 949 1334 possent:
973 1250 1103 1335 deinde,
1125 1255 1163 1317 ut
1186 1273 1332 1320 occurre·

152 1342 233 1406 bant
255 1340 363 1407 inviae
381 1343 470 1404 cotes
493 1340 751 1423 praeruptaeque
773 1360 885 1423 rupes,
907 1339 1025 1405 inritus
1048 1340 1141 1420 labor
1161 1341 1332 1408 videbatur

98 1453 133 1501 27
153 1431 304 1495 obstante
326 1430 453 1506 natura
498 1425 574 1510 Ille,
596 1430 634 1502 ut
656 1431 728 1493 erat
750 1427 851 1493 animi
873 1449 1000 1512 semper
1023 1429 1223 1497 obluctantis
1247 1430 1332 1496 diffi-

59 1555 65 1567 ·
153 1517 345 1600 cultatibus,
378 1537 452 1581 cum
480 1518 514 1580 et
545 1516 699 1600 progredi
732 1516 868 1582 arduum
895 1519 930 1581 et
960 1518 1080 1583 reverti
1111 1519 1332 1602 periculosum

81 1630 84 1634 “
151 1609 250 1689 esset,
278 1605 433 1671 versabat
461 1625 495 1668 se
523 1604 564 1669 ad
592 1626 703 1670 omnes
729 1605 963 1691 cogitationes,
991 1605 1080 1671 aliud
1107 1608 1206 1691 atque
1234 1607 1333 1693 aliud,

150 1695 199 1760 ita
225 1698 263 1759 ut
289 1694 360 1758 fieri
388 1692 486 1777 solet,
518 1692 576 1758 ubi
602 1693 711 1777 prima
738 1715 884 1779 quaeque
914 1694 1119 1779 damnamus,
1152 1695 1331 1762 subiciente

151 1783 270 1848 animo.
314 1781 513 1865 Haesitanti,
541 1782 629 1866 quod
651 1783 736 1849 ratio
759 1804 826 1848 non
852 1783 973 1867 potuit,
1000 1783 1134 1850 fortuna
1156 1784 1332 1851 consilium

97 1894 132 1944 aa
151 1871 421 1937 subministravit.
458 1869 642 1936 Vehemens
665 1871 814 1936 favonius
834 1874 917 1954 crat,
941 1875 974 1938 et
995 1872 1134 1938 multam
1156 1874 1332 1940 materiam

151 1961 313 2027 ceciderat
330 1959 440 2044 miles,
459 1958 585 2024 aditum
602 1976 662 2043 per
680 1982 760 2025 saxa
777 1960 921 2028 molitus.
957 1959 1048 2025 Haec
1066 1983 1187 2045 vapore
1205 1963 1332 2028 torrida

97 2071 132 2120 29
151 2048 218 2115 iam
245 2049 415 2114 inarserat.
459 2045 549 2132 Ergo
577 2047 690 2132 adgeri
718 2048 800 2114 alias
828 2049 961 2121 arbores
991 2049 1083 2115 iubet
1105 2053 1139 2114 et
1165 2050 1237 2135 igni
1259 2051 1332 2116 dari

62 2201 64 2204 ,
150 2138 319 2203 alimenta:
343 2136 564 2220 ‘celeriterque
597 2135 765 2220 stipitibus
797 2138 972 2205 cumulatis
1004 2137 1175 2222 fastigium
1208 2141 1331 2206 montis

98 2230 328 2311 coaequatum
351 2228 409 2290 est.
445 2223 537 2291 Tune
560 2224 700 2310 undique
723 2224 810 2309 ignis
834 2226 972 2292 iniectus
995 2229 1111 2292 cuncta
1133 2228 1332 2311 conprehen-

89 2386 91 2390 .
152 2315 209 2381 dit.
252 2314 434 2381 Flammam
461 2313 497 2377 in
520 2334 578 2378 ora
603 2312 750 2379 hostium
771 2317 888 2380 ventus
915 2314 1054 2399 ferebat,
1081 2315 1190 2381 fumus
1214 2317 1331 2402 ingens

97 2425 132 2474 31
151 2405 241 2469 velut
272 2403 412 2489 quadam
441 2402 528 2467 nube
556 2401 771 2467 absconderat
797 2403 932 2469 caelum.
983 2402 1149 2470 Sonabant
1180 2406 1331 2471 incendio

152 2493 268 2578 silvae,
291 2496 389 2576 atque
413 2513 450 2556 ea
474 2511 613 2575 quoque,
638 2512 719 2574 quae
742 2513 809 2557 non
830 2492 1020 2557 incenderat
1038 2493 1147 2577 miles,
1172 2499 1331 2578 concepto

150 2582 226 2667 igne
253 2583 403 2666 proxima
430 2601 575 2664 quaeque
604 2579 790 2646 adurebant.
835 2579 973 2646 Barbari
1001 2581 1232 2665 suppliciorum
1255 2584 1364 2653 ulti,

1119 2699 1129 2730 ι

187 2814 230 2863 23.
254 2823 353 2876 rupes
376 2811 437 2871 est,
461 2806 548 2864 22121.
570 2806 612 2860 ibi
634 2805 660 2862 d.
685 2806 712 2861 b.
803 2808 1332 2879 27.primoquaepue‚dieersten

151 2880 184 2933 ia
192 2879 332 2947 proaemio
344 2877 490 2932 menthae.
509 2876 567 2930 Das
580 2875 713 2945 folgende
768 2877 981 2948 Gedanken‚
1007 2879 1333 2949 urspringlichen

152 2966 208 3019 qua
239 2946 574 3017 istrrestringirend:
609 2945 713 3001 ‘indess
767 2948 881 3004 Pldne.
917 2948 974 3004 Dae
996 2948 1141 3005 Sobeitern
1165 2950 1213 3004 des
1236 2953 1333 3006 ersten

152 3036 205 3072 nur
222 3035 259 3073 an
276 3016 429 3087 dersabe,
447 3033 491 3072 wo
510 3016 575 3072 etc?
590 3047 623 3057 -
637 3018 713 3071 sab·
767 3018 920 3089 Vereuchs‚
944 3019 1033 3075 meint
1050 3020 1100 3074 der
1117 3020 1332 3088 Schrifteteller,

151 3090 267 3155 missa,
286 3105 307 3144 s.
326 3093 414 3155 4.19;
433 3087 495 3142 Liv.
514 3092 557 3142 27.
578 3092 619 3142 18.
639 3094 664 3142 6.
680 3118 714 3127 -
768 3089 865 3144 macht
883 3089 929 3145 dic
948 3089 1098 3145 Menschen
1122 3091 1151 3144 in
1173 3091 1221 3145 der
1242 3092 1333 3163 Regel

174 3178 216 3216 ua
239 3174 337 3228 rupee
359 3160 487 3224 deerat,
509 3157 571 3213 aleo
594 3158 645 3212 auf
665 3158 714 3213 der
768 3159 884 3230 aaghaft
899 3162 958 3216 und
971 3161 1109 3216 nnsicher.
1139 3162 1279 3218 Aehnlich
1293 3164 1333 3220 ist

151 3178 276 3288 betseite
294 3230 344 3286 der
359 3229 455 3286 Veste.
488 3228 528 3283 Zu
545 3230 637 3284 dcem
654 3229 712 3300 vgl.
767 3230 818 3286 der
837 3231 1014 3289 (ledankeer.
1035 3239 1060 3286 1.
1080 3238 1123 3287 29.

153 3310 178 3360 6.
200 3309 223 3358 1.
242 3308 260 3357 8
279 3301 527 3357 andanumts.
547 3305 589 3356 10.
609 3306 652 3354 24.
802 3307 846 3359 28.
860 3304 1012 3370 molitum
1026 3303 1217 3358 dieSoldaten
1229 3305 1333 3360 hatten

188 3379 232 3428 22.
273 3374 310 3428 iu
350 3388 488 3441 qaorum
529 3372 712 3427 obsidione.
768 3372 828 3427 sich
850 3373 936 3429 comit
962 3374 1050 3428 durch
1077 3373 1122 3429 die
1145 3376 1239 3430 iaaac
1261 3381 1333 3431 cotes

152 3445 245 3499 Ueber
267 3443 322 3498 den
343 3441 460 3498 Ablativ
483 3459 505 3497 e.
523 3441 603 3514 Einl.
623 3441 650 3499 S.
669 3448 713 3512 22,
767 3446 794 3511 (ξ
820 3446 866 3512 26)
889 3444 969 3499 Bahn
991 3463 1025 3499 zu
1052 3445 1175 3500 brechen
1196 3449 1330 3514 gewneet.

151 3513 713 3583 Note.-Etpuia.1⁴lthieradver-
767 3545 802 3556 -
834 3517 969 3571 torrida
1008 3516 1082 3571 iam.
1137 3515 1190 3571 Die
1225 3517 1331 3574 nathrl.

152 3585 252 3640 sativ.
289 3582 354 3653 Vgl.
373 3589 398 3638 2.
417 3590 465 3651 31;
484 3590 508 3640 7.
528 3591 554 3639 2.
573 3589 621 3650 283
643 3591 666 3638 7.
687 3590 713 3638 4.
768 3585 974 3656 Wortstellung
987 3587 1331 3655 wareiamoaporeter·

72 3699 75 3712 .
154 3663 183 3724 73
208 3661 232 3710 9.
257 3660 281 3709 2.
308 3661 349 3709 10.
373 3685 409 3696 -
436 3656 528 3710 edito
555 3656 716 3711 montium
768 3657 843 3711 adda.
888 3656 926 3712 Es
958 3673 1017 3712 war
1047 3656 1124 3712 diere
1151 3657 1244 3712 Masso
1275 3676 1333 3715 von

152 3728 179 3782 d.
198 3728 226 3783 h.
247 3725 292 3781 die
311 3731 327 3792 5
346 3731 380 3780 23
399 3744 426 3780 2.
445 3731 480 3780 24
497 3724 716 3782 beschriebenen
768 3727 839 3782 Heln
866 3743 938 3798 gana
965 3726 1084 3799 aufallig
1109 3728 1140 3783 in
1163 3727 1257 3784 Brand
1282 3746 1331 3799 ge·

152 3797 356 3854 Feleenhbhen.
768 3798 881 3866 rothem
908 3799 988 3854 dorin
1015 3799 1150 3854 erkannte
1177 3817 1245 3854 man
1272 3819 1332 3854 nun

159 3941 164 3954 Ι
188 3876 230 3925 26.
256 3869 428 3954 paidpuid
455 3884 493 3922 sc.
522 3868 623 3941 epotii;
654 3867 713 3938 vgl.
768 3869 850 3952 einen
880 3869 1045 3940 Fingemeig
1076 3869 1126 3925 der
1157 3869 1332 3927 Schicksals·

151 3940 715 4094 hibreliiviiddi’dderb-laodidieiidblddid
767 3941 1031 4094 gugelmconqem
1058 4013 1147 4082 ipae,
1176 4013 1236 4068 bea.
1269 4014 1331 4069 sich

151 4084 221 4138 alea
239 4081 641 4138 occumbat-cedebatur
658 4079 685 4134 d.
695 4098 714 4135 1.
769 4082 820 4137 aul
835 4081 886 4138 dae
906 4083 1017 4153 ObJekt.
1049 4084 1082 4138 In
1099 4084 1194 4154 Beang
1213 4084 1265 4139 auf
1280 4086 1331 4139 das

154 4153 264 4209 ‘erwies
278 4154 351 4209 eich'
367 4149 494 4222 (ἐφάνη),
511 4151 647 4207 22222222
658 4150 716 4206 den
768 4151 889 4222 Subjekt
906 4155 1011 4209 mdeste
1034 4170 1064 4208 es
1087 4155 1203 4222 diffuso,
1224 4171 1331 4224 propa·

152 4223 244 4278 demit
265 4223 475 4293 Beauftragten.
512 4221 615 4277 Hierm
639 4223 715 4281 steht
767 4228 832 4293 pato
854 4224 918 4293 ipae
939 4223 1057 4279 baiesen
1077 4255 1110 4266 -
1131 4226 1331 4282 intermore-

151 4293 200 4346 a'lle
212 4297 270 4358 §2⁷
284 4293 473 4364 incoharfem,
487 4291 714 4362 asyndetisahem
767 4299 868 4351 retur.
897 4293 991 4349 Sehon
999 4294 1059 4351 hir.
1069 4312 1096 4351 2.
1108 4294 1165 4352 Cic.
1185 4296 1331 4352 brauchen

73 4314 327 4504 'adgensataa
767 4365 819 4421 das
836 4365 919 4422 Wort
935 4363 1061 4421 bildlich.
