2790 4792
379 253 636 310 HISTORIARUM
654 254 870 311 ALEXANDRI
888 258 940 327 III,
961 266 985 314 ὃ.
1229 257 1270 322 'll

88 441 160 483 esse
183 418 372 483 felicitatem
395 441 500 483 suam:
524 419 617 483 obrui
640 420 783 502 potuisse
806 420 858 484 vel
881 422 967 484 saxis
992 422 1219 505 confitebatur,
1244 424 1272 487 si

88 508 229 587 fuissent
251 508 307 592 qui
328 509 364 571 in
387 507 562 571 subeuntes
585 508 811 591 propellerent.
857 508 924 573 Iter
946 511 1000 573 vix
1022 514 1197 594 quaternos
1220 534 1270 575 ca·
1291 532 1325 580 ra

87 597 201 680 piabat
224 599 380 659 armatos:
413 596 543 659 dorsum
571 597 692 660 montis
715 597 905 661 imminebat
928 599 998 662 viae
1021 621 1088 663 non
1112 603 1270 683 angustae

87 685 201 767 modo,
233 683 288 747 sed
320 685 507 767 plerumque
540 688 745 768 praeruptae,
777 686 897 750 crebris
931 687 1155 751 oberrantibus
1183 689 1270 770 rivis,

88 773 145 858 qui
168 795 209 837 ex
230 773 392 837 radicibus
415 773 575 837 montium
598 777 742 837 manant.
788 773 930 838 Thracas
953 778 1062 839 tamen
1084 776 1199 839 leviter
1221 799 1270 840 ar·
1290 797 1323 846 13

88 864 196 926 matos
219 861 408 945 praecedere
431 862 570 925 iusserat
593 863 791 946 scrutarique
815 863 922 946 calles,
944 885 986 927 ne
1005 864 1148 928 occultus
1166 864 1270 930 hostis

86 950 124 1014 in
148 950 322 1015 subeuntes
345 954 536 1033 erumperet.
576 947 825 1033 Sagittariorum
849 973 975 1035 quoque
998 974 1113 1016 manus
1137 975 1270 1036 occupa·

87 1042 181 1103 verat
207 1039 333 1122 iugum:
375 1039 516 1103 intentor
545 1060 637 1102 arcus
660 1038 826 1102 habebant
848 1040 977 1120 moniti,
1009 1062 1076 1105 non
1099 1043 1161 1104 iter
1182 1042 1270 1123 ipsos

87 1127 180 1210 inire,
203 1127 259 1191 sed
282 1127 449 1210 proelium.
485 1126 557 1191 Hoc
579 1127 675 1191 modo
700 1148 817 1212 agmen
839 1130 987 1211 pervenit
1006 1130 1046 1193 ad
1064 1131 1178 1194 urbem
1192 1129 1269 1194 Tar·
1291 1150 1324 1197 14

88 1237 160 1298 son,
183 1216 235 1280 cui
258 1221 328 1280 tum
351 1216 490 1280 maxime
513 1214 630 1280 Persae
654 1216 854 1281 subiciebant
877 1217 996 1301 ignem,
1017 1239 1058 1281 ne
1082 1218 1270 1301 opulentum

88 1303 245 1388 oppidum
268 1304 372 1369 hostis
395 1304 570 1368 invaderet.
614 1304 661 1367 At
682 1304 736 1367 ille
759 1304 972 1370 Parmenione
996 1306 1036 1369 ad
1059 1306 1270 1371 inhibendum
1291 1326 1323 1374 15

87 1393 276 1456 incendium
291 1414 364 1456 cum
378 1392 526 1475 expedita
540 1415 639 1456 manu
652 1393 840 1475 praemisso
856 1397 1030 1479 postquam
1045 1395 1200 1459 barbaros
1215 1395 1269 1459 ad-

87 1485 188 1545 ventu
199 1503 330 1547 suorum
339 1481 470 1566 fugatos
480 1503 551 1545 esse
561 1482 723 1566 cognovit,
733 1482 844 1545 urbem
856 1505 875 1545 a
885 1505 919 1546 se
929 1487 1153 1548 conservatam
1160 1485 1270 1548 intrat.

612 1619 691 1686 CAP.
715 1621 754 1686 V.

37 1731 77 1797 12
178 1728 319 1793 Mediam
348 1727 479 1813 Cydnus
512 1729 631 1805 amnis,
663 1729 701 1790 de
734 1751 797 1812 quo
828 1730 927 1812 paulo
960 1734 1035 1794 ante
1063 1731 1184 1795 dictum
1212 1736 1303 1815 est,1

87 1817 257 1882 interfluit.
302 1816 348 1881 Et
374 1821 451 1881 tune
474 1821 579 1881 aestas
603 1821 685 1899 erat,
717 1818 806 1881 cuius
837 1818 925 1882 calor
951 1839 1018 1882 non
1045 1819 1142 1882 aliam
1165 1822 1269 1903 magis

85 1929 186 1991 quam
201 1903 330 1970 Ciliciae
354 1927 444 1969 oram
467 1927 586 1989 vapore
610 1906 687 1969 solis
712 1905 866 1989 accendit,
890 1910 922 1970 et
940 1907 1002 1970 diei
1020 1907 1269 1971 fervidissimum

84 1999 217 2078 tempus
241 2016 311 2058 esse
332 1998 489 2077 coeperat.
526 1993 660 2058 Pulvere
680 1992 827 2058 simulac
851 1995 966 2059 sudore
981 1995 1146 2079 perfusum
1160 2017 1269 2081 regem
1288 2014 1305 2063 2

86 2084 239 2148 invitavit
269 2083 376 2167 liquor
408 2082 563 2164 fluminis,
594 2087 631 2146 ut
665 2082 803 2146 calidum
836 2083 940 2147 adhuc
972 2106 1088 2167 corpus
1117 2085 1269 2150 ablueret.

85 2171 204 2255 Itaque
227 2176 315 2235 veste
339 2171 486 2255 deposita
508 2172 543 2234 in
566 2175 739 2254 conspectu
763 2172 902 2255 agminis
917 2209 959 2218 —
974 2171 1123 2237 decorum
1142 2195 1269 2258 quoque

85 2260 235 2324 futurum
263 2263 366 2342 ratus,
399 2260 426 2323 si
454 2259 650 2324 ostendisset
677 2261 757 2342 suis,
786 2261 851 2324 levi
874 2265 906 2325 et
928 2262 1066 2344 parabili
1089 2262 1177 2325 cultu
1201 2284 1270 2326 cor·

85 2349 176 2432 poris
207 2369 240 2411 se
269 2370 339 2412 esse
362 2352 550 2413 contentum
582 2384 626 2394 -
656 2348 821 2413 descendit
842 2349 877 2412 in
900 2349 1028 2414 flumen.
1072 2350 1199 2433 Vixque
1221 2351 1304 2416 ine

86 2437 193 2522 gressi
227 2437 333 2501 subito
365 2436 499 2501 horrore
532 2440 620 2500 artus
652 2436 758 2521 rigere
791 2443 978 2520 coeperunt,
1014 2439 1119 2522 pallor
1156 2438 1269 2503 deinde

87 2525 230 2589 suffusus
258 2528 308 2588 est
335 2528 367 2588 et
393 2529 500 2589 totum
527 2524 759 2608 propemodum
787 2547 903 2609 corpus
926 2527 1033 2590 vitalis
1058 2527 1144 2590 calor
1166 2528 1268 2611 liquit.

85 2613 261 2698 Expiranti
285 2613 422 2677 similem
444 2613 585 2676 ministri
607 2635 706 2677 manu
728 2613 891 2697 excipiunt
909 2636 968 2678 nec
988 2615 1067 2678 satis
1087 2622 1269 2697 compotem
1287 2634 1305 2681 4

85 2787 247 2853 Terrains'3
267 2804 297 2841 so
311 2787 456 2841 mehriach
467 2805 488 2840 c.
497 2789 589 2856 genet.
599 2788 652 2851 (lo-
707 2788 861 2841 accendit
880 2813 913 2832 =
930 2790 1022 2841 exurit
1039 2788 1077 2842 ist
1094 2788 1223 2857 poetisch
1241 2808 1268 2843 u.

85 2859 651 2927 cornm,natrnac)nebennaturatissitns.
706 2858 919 2913 nachclassisch.
945 2859 1269 2928 UebrigensfieldieEr-

125 2936 167 2983 12.
184 2931 379 2997 plerumque
397 2924 563 2996 (πολλάκις),
591 2928 653 2982 hier
706 2929 855 3000 krankung
874 2930 923 2984 des
942 2930 1021 2985 Alex.
1040 2931 1071 2984 in
1090 2931 1144 2985 den
1159 2931 1269 2986 Herbst.

86 3000 146 3055 fast
164 3024 198 3045 =
217 3000 366 3066 πολλαχοῦ.
395 3029 429 3039 -
461 3000 653 3054 oberranti·
743 3001 1269 3072 2.perfncnmpntcercwieVerg.

86 3074 155 3126 bns.
197 3070 256 3124 Das
282 3070 366 3124 Wort
396 3069 434 3124 ist
464 3070 595 3140 poetisch
625 3089 652 3124 u.
707 3069 775 3125 Aen.
793 3078 893 3126 latu
915 3074 1042 3126 canitiem
1052 3073 1195 3140 perfusam
1208 3075 1270 3140 pnl-

86 3141 306 3196 nachclassisch.
706 3158 774 3196 vere.
794 3173 827 3182 -
847 3144 912 3197 teci
922 3143 1201 3210 =unerheblich‚
1216 3160 1268 3213 ge·

126 3220 168 3267 13.
188 3213 306 3281 eolles,
324 3218 462 3277 s.10.10;
480 3211 653 3266 hierunter·
707 3211 796 3282 ring,
825 3215 877 3267 teni
895 3216 971 3267 cnltn
993 3214 1046 3267 wie
1070 3215 1174 3268 modico
1193 3216 1269 3267 cnltn

88 3283 222 3338 schieden
241 3298 297 3336 von
314 3284 422 3352 inpane,
441 3283 506 3337 dem
525 3282 653 3352 cigentli·
707 3290 732 3337 9.
756 3290 780 3338 8.
801 3290 834 3338 23
867 3303 900 3336 zu
927 3284 1028 3338 fassen.
1075 3283 1156 3337 Sinn:
1189 3284 1268 3338 Aleis.

88 3356 162 3409 chen
180 3353 255 3407 Pass.
275 3384 308 3393 —
335 3355 465 3407 moniti.
499 3353 580 3408 Sinn:
613 3353 653 3408 sie
707 3353 803 3407 wollte
823 3354 877 3407 den
891 3354 1023 3423 Scinigen
1037 3354 1141 3424 zeigem
1161 3354 1225 3409 dass
1240 3373 1270 3409 er

87 3424 206 3479 wurden
214 3424 356 3491 bedentet‚
370 3423 417 3477 fiir
429 3424 477 3478 sie
491 3424 611 3479 handele
623 3441 653 3478 es
707 3442 755 3477 zur
772 3423 867 3493 Pflege
886 3425 976 3479 seinos
989 3425 1111 3494 Kbrpers
1129 3457 1163 3465 -
1182 3443 1212 3480 so
1227 3425 1269 3481 oft

88 3496 151 3550 sich
157 3494 525 3559 nichtumWeitormarsch‚
534 3495 654 3550 sondern
707 3495 879 3549 anderwttrts
894 3497 977 3550 colere
991 3512 1107 3564 corporo
1120 3514 1185 3550 vom
1192 3497 1269 3551 Bade

88 3565 343 3634 (voraussichtlich)
362 3583 410 3618 um
420 3566 527 3634 Kampf
543 3566 597 3619 di.
613 3567 653 3620 sie
707 3597 740 3604 —
761 3565 820 3619 sich
839 3566 893 3619 mit
909 3584 981 3636 ganz
1000 3566 1146 3622 einfachen
1165 3568 1270 3622 Veran-

88 3639 193 3692 sollten
210 3635 271 3690 sich
285 3636 336 3690 auf
351 3635 433 3690 einen
443 3636 549 3705 Kampf
563 3637 654 3691 bereit
707 3637 881 3707 staltungen‚
899 3637 987 3693 leiebt
1005 3657 1038 3692 zu
1056 3639 1270 3693 beschaffenden

88 3709 218 3763 macheu.
707 3707 821 3762 Mitteln
840 3709 977 3780 begntige.

126 3786 168 3833 14.
188 3783 255 3831 tnnc
273 3778 428 3845 inanime,
447 3796 468 3831 s.
482 3777 555 3831 Einl.
571 3782 594 3842 §-
611 3784 653 3830 22.
743 3786 768 3831 3.
787 3780 951 3846 suffusas.
985 3781 1165 3835 Natiirlicher
1179 3780 1216 3834 ist
1230 3781 1271 3834 al-

88 3881 123 3889 -
147 3849 301 3903 inhibere
323 3848 443 3902 braueht
466 3848 526 3901 Liv.
545 3848 654 3903 biswei·
707 3849 831 3920 lerdiugs
854 3852 926 3906 nach
948 3868 1062 3905 unserer
1081 3851 1271 3920 Anscbauung

88 3921 150 3989 len,
171 3918 199 3975 Ο.
219 3919 314 3988 haufig
333 3944 367 3963 ==
384 3920 533 3987 probibere.
558 3918 653 3973 Cicero
707 3920 793 3974 rubor
816 3921 883 3976 oder
904 3924 1019 3990 sanquis
1036 3923 1210 3988 suffunditur
1228 3922 1270 3974 als

88 3992 141 4046 bat
169 3991 220 4044 das
242 3988 325 4043 Wort
352 3989 382 4043 in
407 3990 547 4059 gleichem
570 3988 654 4043 Sinna
703 3991 799 4058 pallor
816 3994 880 4059 snffi
906 3992 986 4046 Docb
1003 3992 1055 4046 hat
1073 3992 1146 4046 auch
1165 3990 1271 4045 Seneca

89 4060 275 4131 angewendet
302 4058 333 4114 in
359 4060 437 4114 Verr.
462 4067 487 4114 5.
512 4067 579 4128 163,
606 4060 654 4114 be·
708 4062 776 4128 (nat.
791 4064 897 4129 quaest.
917 4068 941 4116 3.
956 4066 1035 4131 18.1)
1055 4061 1269 4116 dieselbeWen-

88 4132 218 4187 zeiehnet
231 4149 261 4185 es
276 4131 343 4185 aber
352 4131 523 4187 anderw'arts
538 4131 584 4200 (ad
593 4130 652 4185 Att.
708 4132 796 4201 dung:
816 4135 901 4187 rubor
914 4137 1046 4201 primun,
1064 4134 1161 4186 danda
1175 4134 1271 4200 pallor

91 4205 218 4272 lama)
228 4202 269 4256 als
277 4201 323 4255 ein
331 4203 401 4257 verb.
410 4204 653 4257 totnmnanticnm.
706 4204 887 4269 suffunditur.
925 4204 990 4274 Vgl.
1008 4203 1080 4257 auch
1102 4203 1169 4256 Hor.
1189 4204 1269 4272 epod.

709 4279 732 4327 7.
755 4279 786 4327 13
804 4276 896 4341 pallor·
914 4276 993 4328 albaco
1011 4274 1132 4340 inficit
1150 4290 1208 4328 oro.

315 4324 378 4380 0¹¹9·
397 4325 431 4381 V·
743 4351 768 4397 4.
787 4362 898 4411 triana,
916 4345 996 4398 nicht
1013 4345 1141 4399 ottonibus
1159 4363 1179 4399 s.
1195 4345 1268 4400 Einl.

128 4422 152 4469 1.
178 4415 216 4468 M
220 4416 340 4483 edient,
364 4419 480 4484 ergtuze
499 4414 599 4468 urbem.
619 4444 652 4452 -
707 4419 731 4479 ξ.
751 4415 808 4470 4d.
