2790 4800
156 210 219 274 188
609 207 641 273 o.
662 205 773 261 cuam
792 204 877 260 non

154 370 364 436 Macedoniae
388 370 538 434 columen
562 391 599 434 ac
623 368 710 432 sidus
734 367 921 431 diuturnum
948 367 1018 431 fore
1042 368 1200 450 polliceri
1222 373 1344 454 potest,

154 483 227 525 oum
251 464 316 524 tam
342 458 435 523 avide
458 456 641 522 manifestis
664 456 817 540 periculis
841 457 957 521 offeras
982 478 1113 539 corpus,
1141 457 1270 522 oblitus
1294 463 1344 523 tot

120 564 135 612 9
155 549 274 613 civium
299 547 423 611 animas
446 546 575 612 trahere
597 552 631 610 te
654 546 690 609 in
710 544 843 610 casum?
881 543 959 620 Quis
979 545 1067 609 enim
1090 545 1155 610 tibi
1176 550 1344 629 superstes

155 642 212 701 aut
236 639 329 720 optat
358 657 428 700 esse
457 638 514 699 aut
540 634 672 718 potest?
718 633 770 698 Eo
796 633 1003 717 pervenimus
1032 633 1220 717 auspicium
1245 640 1344 719 atque

155 725 326 809 imperium
355 723 458 788 secuti
484 727 592 808 tuum,
619 722 703 787 unde
730 722 795 786 nisi
822 725 855 786 te
881 722 998 786 reduce
1024 721 1110 786 nulli
1133 723 1178 786 ad
1207 727 1344 806 penates

102 832 136 880 10
155 835 231 879 suos
263 814 326 878 iter
352 815 411 876 est.
462 810 583 887 Quodsi
616 811 721 876 adhuc
752 811 791 875 de
820 810 963 875 Persidis
995 830 1097 895 regno
1126 831 1205 875 cum
1234 810 1345 878 Dareo

155 903 343 986 dimicares,
366 899 429 965 etsi
447 921 542 965 nemo
562 900 674 984 vellet,
696 902 809 964 tamen
826 921 867 964 ne
887 899 1042 964 admirari
1061 898 1197 982 quidem
1221 906 1348 984 posset,

154 997 224 1054 tam
251 992 420 1073 promptae
444 1010 515 1052 esse
542 992 576 1053 te
600 988 640 1053 ad
665 1010 760 1052 omne
788 988 962 1053 discrimen
986 987 1153 1052 audaciae:
1181 1010 1266 1054 nam
1290 991 1347 1055 ubi

155 1079 247 1162 paria
272 1080 348 1142 sunt
369 1077 548 1161 periculum
573 1098 611 1142 ac
632 1077 828 1160 praemium,
853 1081 886 1141 et
905 1076 1051 1141 secundis
1074 1076 1177 1141 rebus
1201 1079 1347 1160 amplior

103 1166 280 1231 11fructus
304 1170 353 1231 est
377 1169 410 1230 et
433 1165 576 1230 adversis
601 1165 758 1230 solacium
782 1165 901 1230 maiust
931 1167 988 1229 tuo
1011 1185 1088 1229 vero
1113 1166 1226 1248 capite
1253 1167 1345 1252 igno·

155 1255 253 1319 bilem
277 1255 384 1319 vicum
408 1254 485 1336 emi,
515 1255 587 1337 quis
615 1254 700 1318 ferat
721 1275 787 1319 non
814 1258 945 1320 tuorum
972 1252 1069 1317 modo
1093 1253 1261 1336 militum,
1292 1256 1347 1320 sed

155 1344 256 1407 ullius
285 1342 391 1427 gentis
420 1341 579 1406 barbarae
607 1343 700 1426 civis,
733 1343 788 1426 qui
815 1346 907 1408 tuam
938 1341 1199 1427 magnitudinem
1229 1344 1346 1410 novit?

105 1448 137 1496 ia
156 1431 279 1496 Horret
312 1430 440 1494 animus
472 1430 708 1515 cogitationem
738 1431 800 1515 rei,
832 1453 929 1515 quam
956 1430 1055 1514 paulo
1083 1432 1162 1494 ante
1191 1431 1348 1498 vidimus.

157 1519 278 1602 Eloqui
300 1519 414 1601 timeo,
437 1518 550 1583 invicti
574 1519 720 1602 corporis
740 1520 846 1602 spolia
863 1519 1079 1583 inertissimas
1098 1540 1219 1583 manus
1245 1520 1348 1586 firisse

156 1607 348 1688 infecturas,
375 1607 440 1670 nisi
467 1611 500 1671 te
523 1607 740 1690 interceptum
763 1608 945 1673 misericors
976 1608 1011 1671 in
1032 1627 1093 1671 nos
1117 1606 1260 1673 fortuna
1284 1631 1348 1674 ser·

105 1713 136 1762 13
156 1698 273 1760 vasset.
324 1695 475 1761 Totidem
501 1696 699 1779 proditores,
728 1695 866 1760 totidem
894 1696 1075 1760 desertores
1105 1717 1238 1780 sumus,
1270 1702 1350 1782 quot

156 1789 190 1849 te
212 1806 279 1849 non
301 1784 467 1867 potuimus
490 1785 650 1869 persequi.
697 1783 875 1850 Universos
904 1784 981 1849 licet
1008 1783 1132 1848 milites
1156 1784 1349 1868 ignominia

156 1876 267 1957 notes,
288 1894 384 1936 nemo
407 1873 571 1938 recusabit
593 1874 683 1938 luere
707 1873 754 1951 id,
778 1873 924 1956 quodne
948 1871 1148 1955 admitteret,
1173 1878 1347 1955 praestare

156 1982 222 2025 non
255 1961 371 2045 potuit.
420 1961 536 2027 Patere
563 1983 639 2044 nos,
672 1982 807 2045 quaeso,
836 1962 902 2026 alio
929 1961 1025 2025 modo
1054 1982 1125 2025 esse
1158 1961 1247 2026 viles
1277 1964 1348 2027 tibi.

105 2068 139 2117 14
159 2048 367 2134 Quocumque
394 2049 542 2133 iusseris,
574 2050 701 2115 ibimus.
752 2048 899 2115 Obscura
919 2046 1073 2132 ‘pericula
1105 2051 1139 2112 et
1175 2050 1347 2133 ignobiles

157 2158 286 2221 pugnas
304 2137 400 2202 nobis
419 2137 634 2221 deposcimus:
653 2138 861 2221 temetipsum
880 2137 920 2202 ad
935 2159 973 2202 ea
992 2158 1095 2219 serva,
1114 2158 1200 2220 quae
1217 2141 1347 2224 magni·

157 2226 304 2290 tudinem
338 2228 428 2290 tuam
464 2226 604 2310 capiunt.
660 2224 734 2292 (lito
772 2227 877 2310 gloria
914 2225 1090 2291 obsolescit
1126 2226 1162 2289 in
1202 2228 1346 2292 sordidis

157 2313 310 2379 hostibus
333 2335 393 2377 nec
417 2314 589 2398 quicquam
613 2315 779 2399 indignius
804 2318 854 2380 est
877 2336 975 2399 quam
999 2314 1145 2388 consumi
1170 2336 1263 2400 eam,
1291 2317 1345 2382 ubi

193 2527 218 2578 8.
234 2522 382 2577 columen
400 2539 438 2577 ac
455 2524 564 2591 sidae,
583 2525 634 2578 das
648 2527 722 2579 erste
774 2541 857 2594 qaam
871 2541 904 2579 ne
915 2524 1057 2592 potuimus
1071 2523 1194 2592 quidem)
1205 2527 1346 2591 persecreti

157 2593 241 2647 Wort
262 2594 382 2648 braucht
404 2594 477 2648 auch
499 2594 555 2649 Cic.
573 2595 613 2649 ‚in
640 2595 719 2649 bildl.
774 2611 831 2650 non
840 2611 941 2650 samus
961 2593 1344 2661 Dasaoapotac'ssewird

156 2664 336 2734 Bedeutung‚
365 2665 415 2719 das
441 2665 538 2719 aweite
566 2666 642 2721 wohl
669 2683 721 2719 nur
775 2666 911 2721 erlttutert
937 2665 977 2719 im
1002 2664 1080 2733 Folg.
1105 2695 1139 2702 —
1158 2670 1345 2732 proestare

158 2736 307 2790 classische
322 2735 439 2790 Dichter
455 2754 483 2789 n.
497 2736 720 2791 nachclassische
775 2736 926 2791 construirt
961 2735 1015 2790 wie
1047 2751 1152 2800 corne,
1186 2737 1342 2803 probibere.

156 2805 318 2872 Prosaiker,
337 2804 433 2860 Cicero
452 2806 545 2861 dafdr:
568 2808 665 2862 lumen.
685 2836 719 2847 -
773 2807 811 2861 Es
835 2807 970 2862 bedeutet
989 2805 1146 2860 ‘einstehen
1162 2805 1211 2859 ihr
1229 2809 1341 2864 etwas!

157 2877 193 2930 c'rr
212 2891 322 2930 casam
345 2876 398 2930 wie
421 2877 454 2930 iri
472 2878 622 2944 parictem
645 2878 721 2932 trahi
774 2907 808 2917 -
831 2879 916 2933 viles
939 2875 991 2932 wie
1015 2881 1064 2942 §6
1088 2877 1153 2930 oilie
1176 2901 1211 2922 =
1234 2879 1342 2934 nullius

158 2952 183 3000 5.
204 2952 245 2999 10.
266 2952 282 3000 9
305 2964 332 3000 u.
352 2945 567 3015 vollstandigen
589 2950 621 3002 c'n
644 2965 721 3002 omae
770 2949 865 3018 pretii.
898 2947 979 3003 Sinn:
1001 2946 1143 3016 verhtnge
1157 2945 1221 3001 eine
1236 2949 1341 3004 andere

158 3017 305 3071 discrimen
322 3018 443 3071 comitem
461 3018 535 3071 trahi
553 3022 577 3072 8.
598 3024 622 3073 3.
644 3024 668 3072 1.
775 3018 868 3073 Strato
890 3019 1047 3084 liberans,
1076 3017 1155 3087 reigo
1181 3035 1234 3073 uns
1260 3019 1340 3075 deine

194 3092 218 3141 9.
238 3088 357 3142 reduce
375 3113 409 3132 =
428 3087 582 3158 reducente,
602 3089 720 3143 aurbei
774 3089 957 3158 Verachtung
974 3089 1052 3152 (viles
1075 3103 1127 3142 nos
1149 3104 1205 3143 esse
1228 3091 1296 3159 tibi)
1312 3092 1340 3144 in

158 3157 295 3213 Dichtcrn
312 3158 370 3212 und
388 3157 418 3213 in
436 3157 486 3212 der
505 3158 720 3229 Sacralsprache
774 3160 891 3214 anderen
918 3159 1028 3240 Weiseu,
1061 3159 1102 3212 als
1134 3158 1200 3214 dass
1228 3161 1269 3214 du
1297 3162 1339 3215 die

157 3245 202 3354 ἵζ’
218 3228 720 3371 clltsthatttttdtt
773 3228 1338 3356 tltattthttl⁸t⁰ltt¹ttt

157 3371 245 3426 redae
262 3371 459 3440 passivisch
478 3397 517 3433 =.
530 3374 666 3428 reductos.
778 3373 868 3426 actast.

196 3447 238 3495 10.
256 3457 294 3495 ne
317 3442 487 3497 admirari
503 3445 646 3511 quidem,
667 3443 720 3497 Ge·
812 3448 853 3496 14.
877 3458 960 3510 quac
986 3458 1022 3496 m.
1044 3446 1063 3497 t.
1092 3442 1250 3510 copiunt,
1279 3443 1339 3498 eine

156 3511 286 3579 gensatz:
315 3512 415 3566 aedom
437 3514 500 3567 tradi
517 3516 591 3568 cari.
615 3544 648 3552 -
672 3530 719 3568 se·
775 3513 840 3566 sehr
863 3511 932 3568 freie
952 3511 1161 3568 Construktion.
1199 3513 1254 3568 Die
1272 3514 1338 3569 Auf-

157 3580 279 3634 caadr's
305 3582 411 3634 retes.
457 3529 639 3638 Uebersetze:
670 3584 719 3637 ‘im
774 3582 1340 3656 fassungist:gewissaUnternehmungen

157 3650 235 3704 Falla
255 3649 331 3704 eines
350 3650 530 3720 gldcklichen
547 3652 682 3724 Erfolgs'.
775 3653 888 3708 sinder
905 3653 1002 3708 klein
1020 3653 1066 3708 ffir
1079 3654 1160 3708 deinc
1174 3652 1294 3725 Gnosso,
1312 3672 1341 3710 es

194 3728 236 3774 11.
276 3721 456 3789 ignobilem
496 3724 623 3793 vicum,
664 3724 720 3778 An·
773 3723 850 3778 kann
873 3724 934 3778 sich
957 3724 1034 3779 dieas
1057 3724 1087 3778 in
1110 3725 1266 3781 denselben
1291 3743 1341 3797 gar

158 3791 288 3862 spiciung
316 3791 366 3846 auf
392 3791 443 3845 das
470 3793 574 3848 zuletat
596 3795 720 3850 erzthlte
774 3794 854 3849 nicht
880 3795 1030 3864 geuugend
1057 3794 1202 3852 entfalten.
1245 3797 1339 3852 helm-

159 3863 320 3918 Abenteuer
337 3861 377 3916 im
391 3861 493 3918 Gebiet
510 3862 560 3918 der
575 3864 683 3922 Mallcr.
773 3864 832 3919 lich
851 3869 875 3921 5.
895 3871 920 3919 4.
941 3872 987 3932 123
1007 3872 1031 3920 6.
1053 3871 1076 3921 1.
1097 3871 1140 3920 17.
1159 3896 1193 3904 -
1213 3869 1341 3923 obsole-

196 3940 237 3988 12.
256 3935 367 4003 eloqui
385 3934 498 4000 timeo,
516 3935 569 3989 wie
582 3942 607 3990 4.
623 3942 720 3993 luet.
773 3936 846 3991 scit.
891 3935 956 4005 Vgl.
986 3935 1045 3991 Liv.
1076 3942 1119 3990 21.
1154 3943 1196 3991 52.
1232 3944 1246 3992 7
1282 3940 1340 3994 alic

158 4003 606 4071 -r'afectarcsn'rcfiisthierz
620 4006 719 4061 ‘durch
773 4010 904 4062 enodate
926 4007 1118 4062 obsoleverant.
1137 4037 1173 4047 —
1191 4008 1229 4062 in
1252 4011 1339 4064 sord.

50 4125 55 4134 .
159 4075 326 4145 Berdhrung
344 4075 524 4131 entwcihen’.
557 4077 611 4131 Zur
629 4076 720 4132 Socho
774 4078 871 4144 boam
893 4078 926 4132 irc
944 4077 1293 4148 =‘gegen1'iber,wenn
1312 4097 1341 4134 es

161 4164 182 4200 s.
202 4153 228 4200 b.
252 4152 295 4201 11.
776 4148 837 4203 sich
872 4148 991 4203 handelt
1025 4167 1073 4202 um
1100 4167 1128 4202 ιι.
1156 4166 1176 4203 s.
1205 4151 1253 4204 ra'
1304 4151 1341 4206 So

196 4223 237 4273 13.
266 4232 332 4272 aon
354 4218 527 4286 potuimus
551 4218 720 4287 persequi,
774 4219 871 4288 htufig
885 4220 958 4275 auch
976 4219 1023 4274 bei
1035 4218 1340 4276 clamitem—con-

159 4288 482 4358 seltsamausgedrtiakt.
500 4286 558 4344 Der
565 4286 631 4342 Sata
641 4289 721 4343 hatte
774 4292 867 4345 cami.
895 4290 959 4360 Vgl.
974 4291 1145 4346 consumitur
1163 4293 1268 4347 anulus
1286 4308 1340 4348 aar

160 4359 234 4412 etwa
250 4358 347 4414 lauten
360 4364 475 4429 megan:
493 4365 559 4429 quot
578 4365 603 4415 te
615 4361 721 4430 (quorn-
774 4360 821 4415 bei
840 4360 921 4416 ovid.
