2790 4792
159 208 223 271 154
620 207 652 273 Q.
672 207 783 262 enarr
801 207 888 262 RUFI

158 369 292 453 tudinis,
314 374 427 435 tauros
447 370 487 434 ad
507 388 546 434 111
564 370 666 453 milia,
688 368 869 454 pretiosum
888 369 923 433 in
942 390 980 433 ea
998 370 1133 452 regione
1151 375 1335 453 acceptum·

106 469 138 518 12
158 480 221 542 que
235 459 351 523 animis
370 460 575 544 regnantium
590 463 782 523 armentum.
820 457 995 533 Quaerenti
1009 457 1208 541 Alexandro,
1226 459 1336 561 plures

158 547 369 701 :tenire
392 547 534 700 litt
557 546 1180 720 {tntilzrfflll⁰nn¹tt
1198 547 1345 721 lzlsstl

107 737 138 784 13
158 723 214 788 dit.
251 724 406 789 Abisares
426 728 459 788 et
476 722 579 789 Porus
599 727 706 807 erant,
731 724 839 788 sedin
857 722 943 789 Poro
963 724 1128 790 eminebat
1145 726 1337 791 auotoritas.

157 811 301 897 Uterque
329 815 416 878 ultra
443 811 623 896 Hydaspen
651 834 779 878 amnem
806 813 967 897 regnabat
994 816 1027 877 et
1054 814 1132 879 belli
1159 814 1337 898 fortunam,

105 913 138 960 14
157 901 304 986 quisquis
320 923 411 970 arma
425 900 571 986 inferret,
585 902 724 985 experiri
738 901 933 966 decreverat.
970 899 1107 984 Omphis
1122 903 1336 985 permittente

156 987 342 1055 Alexandro
366 993 399 1054 et
421 989 549 1074 regium
571 991 701 1075 insigne
724 989 865 1073 sumpsit
889 994 922 1054 et
943 1011 1035 1055 more
1053 992 1159 1074 gentis
1179 1013 1258 1056 suae
1276 1013 1336 1057 no-

157 1099 241 1159 men,
255 1079 341 1162 quod
355 1079 460 1163 patris
477 1079 597 1144 fuerat:
616 1078 752 1143 Taxilen
766 1078 970 1162 appellavere
988 1079 1162 1163 populares
1180 1085 1336 1164 sequente

105 1177 138 1225 lo
157 1168 289 1232 nomine
317 1168 503 1251 imperium,
526 1169 561 1232 in
584 1187 817 1252 quemcumque
840 1167 1004 1232 transiret.
1049 1166 1156 1252 Igitur
1179 1189 1253 1232 eum
1276 1191 1336 1252 per

156 1255 301 1320 triduum
332 1256 540 1339 hospitaliter
573 1256 794 1321 Alexandrum
826 1257 1023 1340 accepisset,
1055 1262 1171 1340 quarto
1209 1257 1261 1321 die
1294 1262 1336 1341 et,

157 1348 315 1427 quantum
333 1344 488 1409 frumenti
508 1345 620 1428 copiis,
644 1366 724 1428 quas
743 1343 969 1427 Hephaestion
987 1345 1130 1423 duxerat,
1150 1345 1336 1429 praebitum

156 1454 176 1494 a
198 1453 233 1495 se
257 1436 351 1516 esset,
374 1432 518 1498 ostendit
541 1437 573 1496 et
597 1454 712 1497 aureas
736 1454 873 1497 coronas
894 1433 960 1517 ipsi
979 1433 1154 1518 amicisque
1174 1434 1335 1517 omnibns,

104 1530 136 1578 16
155 1523 287 1602 praeter
313 1520 394 1586 haec
422 1521 544 1606 signati
573 1522 700 1605 argenti
726 1539 825 1585 nxxx
852 1522 980 1587 talenta
1007 1522 1092 1587 dono
1121 1522 1217 1588 dedit.
1264 1522 1336 1599 Qua

156 1607 358 1693 benignitate
382 1610 450 1675 eius
474 1610 658 1675 Alexander
681 1611 762 1674 mire
782 1610 886 1674 laetus
906 1614 947 1693 et,
970 1610 1101 1694 quaeis
1120 1610 1263 1690 dederat,
1285 1635 1336 1677 re-

156 1696 246 1760 misit
269 1701 302 1762 et
325 1699 413 1762 mille
433 1700 559 1763 talenta
579 1721 618 1763 ex
636 1699 765 1782 praeda,
789 1720 886 1782 quam
905 1699 1053 1783 vehebat,
1076 1699 1197 1764 adiecit
1214 1700 1335 1765 multa·

155 1805 217 1868 que
245 1787 427 1852 eonvIvalia
456 1809 494 1852 cx
523 1810 601 1853 auro
630 1791 664 1853 et
691 1793 827 1872 argento
855 1809 949 1870 vasa,
981 1788 1157 1871 plurimum
1184 1788 1335 1854 Persicae

154 1874 270 1958 vestis,
302 1894 376 1940 xxx
404 1897 505 1960 equos
534 1898 573 1941 ex
603 1876 669 1940 suis
699 1897 771 1940 cum
803 1875 918 1940 iisdem
949 1876 1145 1959 insignibus,
1178 1879 1252 1961 quis
1281 1879 1336 1942 ad-

103 1972 135 2019 17
156 1969 336 2046 sueverant,
360 1986 433 2029 cum
456 1966 563 2049 ipsum
585 1965 750 2029 veherent.
792 1964 881 2040 Quae
905 1965 1088 2029 liberalitas
1112 1965 1195 2030 sicut
1218 1966 1335 2031 barba·

155 2072 226 2114 rum
255 2052 488 2136 obstrinxerat,
520 2054 568 2117 ita
601 2053 721 2118 amicos
751 2053 854 2136 ipsius
881 2053 1091 2118 vehementer
1117 2053 1261 2119 offendit.
1306 2054 1334 2118 Ε

155 2138 271 2222 quibus
295 2140 461 2224 Meleager
488 2163 586 2225 super
614 2162 727 2206 cenam
750 2141 893 2225 largiore
915 2141 991 2206 vino
1015 2164 1092 2207 usus
1116 2143 1276 2227 gratulari
1301 2165 1334 2208 se

154 2227 337 2294 Alexandro
361 2230 456 2312 dixit,
480 2229 566 2314 quod
589 2230 706 2294 saltem
729 2231 764 2294 in
786 2228 881 2295 India
903 2230 1104 2314 repperisset
1127 2231 1264 2316 dignum
1287 2238 1335 2298 ta·

103 2326 136 2374 18
155 2315 251 2380 lentis
280 2318 381 2382 mille.
436 2317 507 2382 Rex
534 2318 621 2382 haud
649 2318 786 2401 oblitus,
818 2339 914 2401 quam
943 2339 1039 2405 aegre
1066 2319 1215 2402 tulisset,
1247 2321 1333 2404 quod

155 2401 277 2469 Clitum
311 2407 351 2470 ob
384 2406 515 2489 linguae
548 2408 766 2471 temeritatem
800 2406 985 2490 occidisset,
1017 2408 1100 2471 iram
1128 2408 1260 2491 quidem
1287 2413 1334 2474 te·

154 2493 316 2648 pppplpppla
330 2495 425 2579 dixit,
448 2496 574 2560 invidos
598 2495 746 2559 homines
765 2495 848 2559 nihil
873 2495 961 2559 aliud
981 2518 1078 2580 quam
1096 2496 1243 2580 ipsorum
1263 2519 1334 2562 esse

645 2706 724 2773 Ona.
748 2707 837 2772 XIII.

122 2840 135 2885 1
244 2829 380 2895 Postero
404 2831 455 2894 die
478 2831 580 2915 legati
599 2832 759 2896 Abisarae
784 2830 891 2896 adiere
914 2853 1032 2917 regem.
1073 2831 1192 2897 Omnia
1215 2834 1374 2902 dicioniAA

156 2917 237 2999 eius,
260 2917 308 2981 ita
331 2922 368 2981 ut
392 2918 582 2984 mandatum
607 2924 690 3003 erat,
713 2921 948 3004 permittebant
976 2921 1170 3005 firmataque
1196 2922 1333 2987 invicem

157 3094 197 3144 15.
221 3121 254 3130 -
281 3096 450 3160 acceptum
478 3092 602 3146 calmis
628 3109 716 3162 repa.
771 3093 946 3148 Herrschers.
979 3094 1043 3164 Vgl.
1064 3095 1332 3152 donromnechrs-

154 3161 210 3215 Der
233 3161 382 3216 Ausdruck
409 3162 459 3216 hat
487 3162 548 3216 eine
572 3165 716 3232 poetisohe
772 3165 923 3234 grundsatz
941 3166 1018 3232 filiae
1035 3171 1148 3220 matrem
1161 3169 1286 3235 aequetur
1301 3194 1332 3214 =

154 3231 297 3302 Farhung3
321 3234 408 3303 vergl.
429 3233 568 3302 σκῆπτρον
586 3233 716 3304 θυμαρὲς
770 3235 856 3290 theilt
873 3235 946 3291 Loos
964 3236 1023 3289 und
1036 3237 1143 3292 Rechte
1157 3237 1207 3292 der
1219 3236 1331 3294 Mutter.

156 3299 262 3356 ἔδωκεν
285 3303 366 3360 Hom.
392 3303 442 3359 Od.
470 3310 588 3362 1v.199.
609 3337 642 3346 -
662 3322 716 3360 ar·
808 3313 848 3362 16.
871 3308 953 3360 mire
971 3308 1094 3373 taetus,
1113 3307 1166 3362 vvie
1184 3310 1254 3365 mtre
1271 3327 1332 3379 pra·

153 3378 307 3438 mentum,
326 3375 461 3430 collektiv
480 3377 533 3431 wie
552 3377 638 3432 bitere
653 3379 715 3433 aui·
769 3382 827 3431 tum
837 3376 896 3432 Liv.
909 3383 932 3431 1.
943 3382 986 3433 45.
998 3384 1013 3432 7
1023 3396 1051 3431 u.
1062 3394 1113 3435 aw.
1134 3377 1231 3434 Cicero
1245 3381 1332 3450 pflegt

153 3445 222 3508 mal,
241 3462 262 3498 s.
282 3445 354 3500 Einl.
374 3452 389 3510 ς
408 3452 463 3501 Ia.
769 3449 819 3503 das
837 3446 1011 3503 Adverbium
1034 3464 1091 3504 von
1113 3449 1255 3504 mirus-zu
1273 3470 1331 3505 um·

191 3520 232 3568 13.
247 3521 358 3570 eruut:
374 3516 504 3585 Subjeht:
517 3518 714 3588 duoillc‘repcs.
772 3519 918 3572 schreiben
939 3519 1026 3572 durch
1045 3520 1145 3573 micam
1163 3520 1196 3574 tn
1213 3523 1330 3588 necdum,

153 3584 716 3658 Abisaresistwohlerblicheeruigs·
770 3589 843 3644 doch
866 3589 917 3644 hat
939 3590 1011 3644 auch
1035 3605 1066 3644 er
1088 3589 1243 3646 vereinzelt
1265 3595 1331 3647 mtre

152 3671 234 3709 name
257 3657 311 3711 wie
336 3656 447 3712 Taxiles
470 3660 497 3727 (ς
517 3661 562 3727 14)
586 3677 613 3713 n.
633 3663 714 3715 Assa·
767 3660 1330 3730 funerea.mirequam.—quiaadaue-

153 3743 237 3781 canus
258 3728 373 3797 (11111)
392 3728 449 3782 und
467 3729 614 3784 bedentet:
633 3729 715 3784 Herr-
768 3736 894 3785 cerunt.
930 3729 1010 3786 Sinn:
1026 3731 1083 3785 ‘die
1098 3731 1138 3786 sie
1152 3733 1331 3801 gewohnlich

152 3799 232 3852 soher
241 3798 291 3852 der
300 3799 655 3855 LandschaftAbhisara
659 3841 668 3867 ,
684 3801 714 3854 in
767 3801 1329 3871 brugen&Vg1.5.4.14quisadroeverat.

151 3868 201 3923 der
214 3869 330 3939 Gegend
345 3871 393 3925 des
407 3870 543 3940 heutIgen
556 3871 711 3926 Kaschmir.
804 3878 845 3926 17.
868 3873 958 3926 secut
973 3914 979 3926 .
996 3915 1001 3927 .
1017 3912 1023 3926 .
1037 3875 1101 3942 tta,
1120 3874 1291 3942 adversativ,
1310 3893 1330 3931 s.

153 3938 260 3993 Porus
274 3941 456 3995 beherrschte
471 3941 553 3995 einen
566 3940 649 3997 Theil
663 3941 712 3996 des
767 3941 840 3996 Einl.
858 3948 922 4008 §42
937 3942 963 3999 b.
1002 3944 1042 3998 Zu
1060 3959 1142 4012 uesper
1160 3960 1256 4000 cenam
1274 3946 1329 4016 vgl.

151 4010 262 4065 Laudes
280 4011 419 4066 zwischen
436 4012 584 4082 Hydaspes
600 4030 627 4067 u.
641 4013 711 4067 Ace·
767 4019 854 4069 6.11.
877 4019 926 4078 273
950 4015 1020 4069 iiber
1042 4014 1087 4068 die
1110 4014 1330 4086 Voranstellung

153 4080 239 4149 stnes,
259 4083 332 4136 etwa
351 4083 401 4137 das
416 4083 522 4152 J'etzige
540 4083 657 4138 Lahore.
678 4114 711 4123 -
767 4096 824 4140 von
843 4085 939 4139 saltem
958 4101 979 4141 s.
998 4084 1071 4139 niul.
1091 4087 1168 4142 51d.

152 4153 317 4208 eminebat
331 4179 365 4199 =
380 4156 499 4208 emicans
517 4158 583 4208 erat.
616 4153 711 4224 Vergl.

152 4219 197 4275 die
216 4224 297 4277 Anm.
316 4242 350 4278 zu
368 4231 393 4279 9.
412 4231 455 4279 21.
967 4208 1029 4264 ΟΔΡ-
1051 4207 1127 4262 XIII·

189 4294 230 4344 14.
249 4300 401 4363 aequente
423 4296 613 4363 imperium,
636 4294 661 4348 d.
683 4296 710 4348 h.
803 4303 825 4351 1.
859 4298 983 4366 lopati.
1024 4296 1160 4353 Dasselbe
1191 4298 1328 4353 berichtct

79 4284 313 4504 *handen
327 4383 386 4420 war
399 4364 452 4419 mit
461 4366 511 4420 der
520 4365 625 4421 Wtirde
635 4364 711 4421 eines
766 4367 866 4422 Arrian
886 4369 921 4435 (5.
941 4370 976 4436 8).
