<?xml version="1.0" encoding="UTF-8"?>
<!DOCTYPE html PUBLIC "-//W3C//DTD XHTML 1.0 Transitional//EN"
    "http://www.w3.org/TR/xhtml1/DTD/xhtml1-transitional.dtd">
<html xmlns="http://www.w3.org/1999/xhtml" xml:lang="en" lang="en">
 <head>
  <title>
</title>
<meta http-equiv="Content-Type" content="text/html;charset=utf-8" />
  <meta name='ocr-system' content='tesseract 3.04.00' />
  <meta name='ocr-capabilities' content='ocr_page ocr_carea ocr_par ocr_line ocrx_word'/>
</head>
<body>
  <div class='ocr_page' id='page_1' title='image "./qcurtirufihisto02rufugoog_0107.png"; bbox 0 0 2790 4800; ppageno 0'>
   <div class='ocr_carea' id='block_1_1' title="bbox 137 269 859 338">
    <p class='ocr_par' dir='ltr' id='par_1_1' title="bbox 137 269 859 338">
     <span class='ocr_line' id='line_1_1' title="bbox 137 269 859 338; baseline -0.003 -12"><span class='ocrx_word' id='word_1_1' title='bbox 137 275 179 338; x_wconf 80' lang='lat'>92</span> <span class='ocrx_word' id='word_1_2' title='bbox 593 270 624 335; x_wconf 82' lang='lat' dir='ltr'>Q.</span> <span class='ocrx_word' id='word_1_3' title='bbox 643 269 754 325; x_wconf 82' lang='lat' dir='ltr'>CURTI</span> <span class='ocrx_word' id='word_1_4' title='bbox 772 271 859 324; x_wconf 85' lang='lat' dir='ltr'>RUFI</span> 
     </span>
    </p>
   </div>
   <div class='ocr_carea' id='block_1_2' title="bbox 101 432 1374 2730">
    <p class='ocr_par' dir='ltr' id='par_1_2' title="bbox 101 432 1374 2730">
     <span class='ocr_line' id='line_1_2' title="bbox 134 432 1319 518; baseline -0.003 -17"><span class='ocrx_word' id='word_1_5' title='bbox 134 438 284 503; x_wconf 85' lang='lat' dir='ltr'>ferociter</span> <span class='ocrx_word' id='word_1_6' title='bbox 306 437 342 501; x_wconf 92' lang='lat' dir='ltr'>in</span> <span class='ocrx_word' id='word_1_7' title='bbox 363 437 490 499; x_wconf 90' lang='lat' dir='ltr'>laevum</span> <span class='ocrx_word' id='word_1_8' title='bbox 513 455 614 498; x_wconf 91' lang='lat' dir='ltr'>cornu</span> <span class='ocrx_word' id='word_1_9' title='bbox 635 433 780 498; x_wconf 90' lang='lat' dir='ltr'>hostium</span> <span class='ocrx_word' id='word_1_10' title='bbox 802 434 921 498; x_wconf 88' lang='lat' dir='ltr'>invecti</span> <span class='ocrx_word' id='word_1_11' title='bbox 944 438 1032 497; x_wconf 87' lang='lat' dir='ltr'>sunt:</span> <span class='ocrx_word' id='word_1_12' title='bbox 1056 435 1174 518; x_wconf 86' lang='lat' dir='ltr'>quippe</span> <span class='ocrx_word' id='word_1_13' title='bbox 1190 432 1319 497; x_wconf 90' lang='lat' dir='ltr'>Dareus</span> 
     </span>
     <span class='ocr_line' id='line_1_3' title="bbox 137 521 1320 611; baseline -0.004 -21"><span class='ocrx_word' id='word_1_14' title='bbox 137 527 278 611; x_wconf 79' lang='lat' dir='ltr'>equestri</span> <span class='ocrx_word' id='word_1_15' title='bbox 300 524 423 609; x_wconf 91' lang='lat' dir='ltr'>proelio</span> <span class='ocrx_word' id='word_1_16' title='bbox 447 523 616 587; x_wconf 80' lang='lat' dir='ltr'>decernere</span> <span class='ocrx_word' id='word_1_17' title='bbox 636 523 779 607; x_wconf 88' lang='lat' dir='ltr'>optabat,</span> <span class='ocrx_word' id='word_1_18' title='bbox 802 522 998 606; x_wconf 85' lang='lat' dir='ltr'>phalangem</span> <span class='ocrx_word' id='word_1_19' title='bbox 1012 521 1214 586; x_wconf 75' lang='lat' dir='ltr'>Macedonici</span> <span class='ocrx_word' id='word_1_20' title='bbox 1228 544 1320 585; x_wconf 88' lang='lat' dir='ltr'>exer-</span> 
     </span>
     <span class='ocr_line' id='line_1_4' title="bbox 137 609 1322 694; baseline -0.004 -15"><span class='ocrx_word' id='word_1_21' title='bbox 137 616 219 679; x_wconf 89' lang='lat' dir='ltr'>citus</span> <span class='ocrx_word' id='word_1_22' title='bbox 243 614 342 678; x_wconf 92' lang='lat' dir='ltr'>robur</span> <span class='ocrx_word' id='word_1_23' title='bbox 365 633 434 676; x_wconf 88' lang='lat' dir='ltr'>asse</span> <span class='ocrx_word' id='word_1_24' title='bbox 458 612 653 677; x_wconf 88' lang='lat' dir='ltr'>coniectans.</span> <span class='ocrx_word' id='word_1_25' title='bbox 693 609 825 694; x_wconf 88' lang='lat' dir='ltr'>Iamque</span> <span class='ocrx_word' id='word_1_26' title='bbox 849 611 947 674; x_wconf 86' lang='lat' dir='ltr'>etiarn</span> <span class='ocrx_word' id='word_1_27' title='bbox 970 611 1117 674; x_wconf 90' lang='lat' dir='ltr'>dextrum</span> <span class='ocrx_word' id='word_1_28' title='bbox 1140 611 1322 674; x_wconf 81' lang='lat' dir='ltr'>Alexandri</span> 
     </span>
     <span class='ocr_line' id='line_1_5' title="bbox 102 698 1321 783; baseline -0.007 -13"><span class='ocrx_word' id='word_1_29' title='bbox 102 725 117 772; x_wconf 82' lang='lat' dir='ltr'>a</span> <span class='ocrx_word' id='word_1_30' title='bbox 137 725 236 767; x_wconf 92' lang='lat' dir='ltr'>cornu</span> <span class='ocrx_word' id='word_1_31' title='bbox 264 701 499 766; x_wconf 78' lang='lat' dir='ltr'>circumibatur.</span> <span class='ocrx_word' id='word_1_32' title='bbox 545 698 638 774; x_wconf 81' lang='lat' dir='ltr'>Quod</span> <span class='ocrx_word' id='word_1_33' title='bbox 661 699 718 764; x_wconf 94' lang='lat' dir='ltr'>ubi</span> <span class='ocrx_word' id='word_1_34' title='bbox 740 698 874 764; x_wconf 83' lang='lat' dir='ltr'>Macedo</span> <span class='ocrx_word' id='word_1_35' title='bbox 899 701 1077 783; x_wconf 89' lang='lat' dir='ltr'>conspexit,</span> <span class='ocrx_word' id='word_1_36' title='bbox 1108 699 1233 763; x_wconf 89' lang='lat' dir='ltr'>duabus</span> <span class='ocrx_word' id='word_1_37' title='bbox 1258 700 1321 762; x_wconf 91' lang='lat' dir='ltr'>alis</span> 
     </span>
     <span class='ocr_line' id='line_1_6' title="bbox 137 788 1322 874; baseline -0.004 -19"><span class='ocrx_word' id='word_1_38' title='bbox 137 792 281 874; x_wconf 86' lang='lat' dir='ltr'>equiturn</span> <span class='ocrx_word' id='word_1_39' title='bbox 305 790 346 853; x_wconf 88' lang='lat' dir='ltr'>ad</span> <span class='ocrx_word' id='word_1_40' title='bbox 368 790 482 873; x_wconf 88' lang='lat' dir='ltr'>iugum</span> <span class='ocrx_word' id='word_1_41' title='bbox 504 789 625 853; x_wconf 90' lang='lat' dir='ltr'>montis</span> <span class='ocrx_word' id='word_1_42' title='bbox 648 788 743 852; x_wconf 89' lang='lat' dir='ltr'>iussis</span> <span class='ocrx_word' id='word_1_43' title='bbox 766 788 949 871; x_wconf 75' lang='lat' dir='ltr'>subsistere,</span> <span class='ocrx_word' id='word_1_44' title='bbox 972 792 1095 852; x_wconf 89' lang='lat' dir='ltr'>ceteros</span> <span class='ocrx_word' id='word_1_45' title='bbox 1118 789 1154 851; x_wconf 95' lang='lat' dir='ltr'>in</span> <span class='ocrx_word' id='word_1_46' title='bbox 1177 788 1322 851; x_wconf 89' lang='lat' dir='ltr'>madium</span> 
     </span>
     <span class='ocr_line' id='line_1_7' title="bbox 101 875 1321 950; baseline -0.005 -6"><span class='ocrx_word' id='word_1_47' title='bbox 101 880 214 950; x_wconf 81' lang='lat' dir='ltr'>abelli</span> <span class='ocrx_word' id='word_1_48' title='bbox 246 878 418 942; x_wconf 86' lang='lat' dir='ltr'>discrimen</span> <span class='ocrx_word' id='word_1_49' title='bbox 450 880 578 941; x_wconf 90' lang='lat' dir='ltr'>strenue</span> <span class='ocrx_word' id='word_1_50' title='bbox 610 877 773 940; x_wconf 85' lang='lat' dir='ltr'>transfert.</span> <span class='ocrx_word' id='word_1_51' title='bbox 826 875 998 940; x_wconf 83' lang='lat' dir='ltr'>Subductis</span> <span class='ocrx_word' id='word_1_52' title='bbox 1032 875 1146 940; x_wconf 91' lang='lat' dir='ltr'>deinde</span> <span class='ocrx_word' id='word_1_53' title='bbox 1179 897 1218 940; x_wconf 85' lang='lat' dir='ltr'>ex</span> <span class='ocrx_word' id='word_1_54' title='bbox 1251 876 1321 939; x_wconf 92' lang='lat' dir='ltr'>acie</span> 
     </span>
     <span class='ocr_line' id='line_1_8' title="bbox 136 965 1322 1050; baseline -0.004 -18"><span class='ocrx_word' id='word_1_55' title='bbox 136 967 302 1032; x_wconf 84' lang='lat' dir='ltr'>Thessalis</span> <span class='ocrx_word' id='word_1_56' title='bbox 325 965 487 1050; x_wconf 87' lang='lat' dir='ltr'>equitibus</span> <span class='ocrx_word' id='word_1_57' title='bbox 510 965 709 1049; x_wconf 87' lang='lat' dir='ltr'>praefectum</span> <span class='ocrx_word' id='word_1_58' title='bbox 732 987 844 1030; x_wconf 88' lang='lat' dir='ltr'>eorum</span> <span class='ocrx_word' id='word_1_59' title='bbox 862 965 986 1031; x_wconf 84' lang='lat' dir='ltr'>occulte</span> <span class='ocrx_word' id='word_1_60' title='bbox 1006 965 1171 1029; x_wconf 90' lang='lat' dir='ltr'>circumire</span> <span class='ocrx_word' id='word_1_61' title='bbox 1190 968 1322 1049; x_wconf 91' lang='lat' dir='ltr'>tergum</span> 
     </span>
     <span class='ocr_line' id='line_1_9' title="bbox 138 1053 1321 1138; baseline -0.003 -18"><span class='ocrx_word' id='word_1_62' title='bbox 138 1078 270 1120; x_wconf 88' lang='lat' dir='ltr'>suorum</span> <span class='ocrx_word' id='word_1_63' title='bbox 296 1054 387 1119; x_wconf 88' lang='lat' dir='ltr'>iubat</span> <span class='ocrx_word' id='word_1_64' title='bbox 409 1053 679 1138; x_wconf 86' lang='lat' dir='ltr'>Parmenionique</span> <span class='ocrx_word' id='word_1_65' title='bbox 703 1055 856 1138; x_wconf 88' lang='lat' dir='ltr'>coniungi</span> <span class='ocrx_word' id='word_1_66' title='bbox 879 1056 923 1136; x_wconf 88' lang='lat' dir='ltr'>et,</span> <span class='ocrx_word' id='word_1_67' title='bbox 957 1054 1043 1138; x_wconf 93' lang='lat' dir='ltr'>quod</span> <span class='ocrx_word' id='word_1_68' title='bbox 1065 1054 1094 1116; x_wconf 86' lang='lat' dir='ltr'>is</span> <span class='ocrx_word' id='word_1_69' title='bbox 1117 1054 1321 1137; x_wconf 88' lang='lat' dir='ltr'>imperasset,</span> 
     </span>
     <span class='ocr_line' id='line_1_10' title="bbox 102 1140 1320 1228; baseline -0.004 -19"><span class='ocrx_word' id='word_1_70' title='bbox 102 1167 119 1214; x_wconf 88' lang='lat'>4</span> <span class='ocrx_word' id='word_1_71' title='bbox 137 1146 265 1228; x_wconf 86' lang='lat' dir='ltr'>inpigre</span> <span class='ocrx_word' id='word_1_72' title='bbox 288 1143 410 1226; x_wconf 88' lang='lat' dir='ltr'>exequi.</span> <span class='ocrx_word' id='word_1_73' title='bbox 455 1143 588 1226; x_wconf 89' lang='lat' dir='ltr'>Iamque</span> <span class='ocrx_word' id='word_1_74' title='bbox 610 1141 737 1205; x_wconf 89' lang='lat' dir='ltr'>inmissi</span> <span class='ocrx_word' id='word_1_75' title='bbox 759 1143 796 1205; x_wconf 90' lang='lat' dir='ltr'>in</span> <span class='ocrx_word' id='word_1_76' title='bbox 816 1142 958 1206; x_wconf 90' lang='lat' dir='ltr'>medium</span> <span class='ocrx_word' id='word_1_77' title='bbox 980 1140 1152 1205; x_wconf 90' lang='lat' dir='ltr'>Persarum</span> <span class='ocrx_word' id='word_1_78' title='bbox 1175 1141 1320 1224; x_wconf 87' lang='lat' dir='ltr'>undique</span> 
     </span>
     <span class='ocr_line' id='line_1_11' title="bbox 138 1230 1322 1315; baseline -0.004 -18"><span class='ocrx_word' id='word_1_79' title='bbox 138 1231 323 1297; x_wconf 86' lang='lat' dir='ltr'>circumfusi</span> <span class='ocrx_word' id='word_1_80' title='bbox 350 1231 478 1315; x_wconf 81' lang='lat' dir='ltr'>egregie</span> <span class='ocrx_word' id='word_1_81' title='bbox 506 1251 605 1312; x_wconf 74' lang='lat' dir='ltr'>repam</span> <span class='ocrx_word' id='word_1_82' title='bbox 631 1231 819 1315; x_wconf 88' lang='lat' dir='ltr'>tuebantur,</span> <span class='ocrx_word' id='word_1_83' title='bbox 852 1230 907 1294; x_wconf 89' lang='lat' dir='ltr'>sad</span> <span class='ocrx_word' id='word_1_84' title='bbox 931 1230 1069 1294; x_wconf 86' lang='lat' dir='ltr'>conferti</span> <span class='ocrx_word' id='word_1_85' title='bbox 1093 1233 1126 1294; x_wconf 92' lang='lat' dir='ltr'>at</span> <span class='ocrx_word' id='word_1_86' title='bbox 1148 1230 1243 1312; x_wconf 91' lang='lat' dir='ltr'>quasi</span> <span class='ocrx_word' id='word_1_87' title='bbox 1266 1251 1322 1293; x_wconf 91' lang='lat' dir='ltr'>co·</span> 
     </span>
     <span class='ocr_line' id='line_1_12' title="bbox 137 1319 1323 1402; baseline -0.003 -18"><span class='ocrx_word' id='word_1_88' title='bbox 137 1321 307 1385; x_wconf 88' lang='lat' dir='ltr'>haerentes</span> <span class='ocrx_word' id='word_1_89' title='bbox 334 1320 401 1383; x_wconf 91' lang='lat' dir='ltr'>tela</span> <span class='ocrx_word' id='word_1_90' title='bbox 426 1319 554 1382; x_wconf 85' lang='lat' dir='ltr'>vibrare</span> <span class='ocrx_word' id='word_1_91' title='bbox 582 1340 650 1383; x_wconf 93' lang='lat' dir='ltr'>non</span> <span class='ocrx_word' id='word_1_92' title='bbox 677 1322 842 1402; x_wconf 88' lang='lat' dir='ltr'>poterant:</span> <span class='ocrx_word' id='word_1_93' title='bbox 880 1319 976 1383; x_wconf 91' lang='lat' dir='ltr'>simul</span> <span class='ocrx_word' id='word_1_94' title='bbox 1003 1320 1098 1382; x_wconf 89' lang='lat' dir='ltr'>erant</span> <span class='ocrx_word' id='word_1_95' title='bbox 1121 1319 1252 1401; x_wconf 86' lang='lat' dir='ltr'>emissa,</span> <span class='ocrx_word' id='word_1_96' title='bbox 1286 1319 1323 1380; x_wconf 93' lang='lat' dir='ltr'>in</span> 
     </span>
     <span class='ocr_line' id='line_1_13' title="bbox 139 1407 1324 1491; baseline -0.003 -18"><span class='ocrx_word' id='word_1_97' title='bbox 139 1409 268 1474; x_wconf 89' lang='lat' dir='ltr'>eosdem</span> <span class='ocrx_word' id='word_1_98' title='bbox 296 1407 521 1472; x_wconf 87' lang='lat' dir='ltr'>concurrentia</span> <span class='ocrx_word' id='word_1_99' title='bbox 547 1407 786 1490; x_wconf 86' lang='lat' dir='ltr'>inplicabantur</span> <span class='ocrx_word' id='word_1_100' title='bbox 811 1407 938 1491; x_wconf 84' lang='lat' dir='ltr'>levique</span> <span class='ocrx_word' id='word_1_101' title='bbox 966 1411 999 1470; x_wconf 90' lang='lat' dir='ltr'>at</span> <span class='ocrx_word' id='word_1_102' title='bbox 1021 1429 1105 1471; x_wconf 84' lang='lat' dir='ltr'>vano</span> <span class='ocrx_word' id='word_1_103' title='bbox 1127 1408 1194 1470; x_wconf 90' lang='lat' dir='ltr'>ictu</span> <span class='ocrx_word' id='word_1_104' title='bbox 1217 1427 1324 1489; x_wconf 89' lang='lat' dir='ltr'>pauca</span> 
     </span>
     <span class='ocr_line' id='line_1_14' title="bbox 139 1495 1323 1580; baseline -0.003 -19"><span class='ocrx_word' id='word_1_105' title='bbox 139 1499 175 1561; x_wconf 93' lang='lat' dir='ltr'>in</span> <span class='ocrx_word' id='word_1_106' title='bbox 195 1498 332 1579; x_wconf 82' lang='lat' dir='ltr'>hostem,</span> <span class='ocrx_word' id='word_1_107' title='bbox 354 1497 449 1580; x_wconf 88' lang='lat' dir='ltr'>plura</span> <span class='ocrx_word' id='word_1_108' title='bbox 471 1495 505 1558; x_wconf 93' lang='lat' dir='ltr'>in</span> <span class='ocrx_word' id='word_1_109' title='bbox 527 1495 662 1559; x_wconf 90' lang='lat' dir='ltr'>humum</span> <span class='ocrx_word' id='word_1_110' title='bbox 680 1496 812 1560; x_wconf 91' lang='lat' dir='ltr'>innoxia</span> <span class='ocrx_word' id='word_1_111' title='bbox 833 1496 1001 1560; x_wconf 88' lang='lat' dir='ltr'>cadebant.</span> <span class='ocrx_word' id='word_1_112' title='bbox 1036 1495 1126 1580; x_wconf 83' lang='lat' dir='ltr'>Ergo</span> <span class='ocrx_word' id='word_1_113' title='bbox 1141 1495 1323 1559; x_wconf 89' lang='lat' dir='ltr'>comminus</span> 
     </span>
     <span class='ocr_line' id='line_1_15' title="bbox 105 1583 1326 1756; baseline -0.005 -18"><span class='ocrx_word' id='word_1_114' title='bbox 105 1607 285 1738; x_wconf 56' lang='lat' dir='ltr'>tuat</span> <span class='ocrx_word' id='word_1_115' title='bbox 306 1584 610 1756; x_wconf 57' lang='lat' dir='ltr'>ttthtnttt</span> <span class='ocrx_word' id='word_1_116' title='bbox 624 1583 1326 1755; x_wconf 59' lang='lat' dir='ltr'>ttttpttpztttt?iltttit</span> 
     </span>
     <span class='ocr_line' id='line_1_16' title="bbox 140 1759 1327 1849; baseline -0.004 -22"><span class='ocrx_word' id='word_1_117' title='bbox 140 1763 232 1845; x_wconf 87' lang='lat' dir='ltr'>bant,</span> <span class='ocrx_word' id='word_1_118' title='bbox 269 1765 306 1825; x_wconf 91' lang='lat' dir='ltr'>ut</span> <span class='ocrx_word' id='word_1_119' title='bbox 335 1761 433 1824; x_wconf 90' lang='lat' dir='ltr'>armis</span> <span class='ocrx_word' id='word_1_120' title='bbox 463 1783 559 1849; x_wconf 70' lang='lat' dir='ltr'>arma¹</span> <span class='ocrx_word' id='word_1_121' title='bbox 582 1761 763 1845; x_wconf 88' lang='lat' dir='ltr'>pulsarent,</span> <span class='ocrx_word' id='word_1_122' title='bbox 795 1781 964 1824; x_wconf 90' lang='lat' dir='ltr'>mucrones</span> <span class='ocrx_word' id='word_1_123' title='bbox 994 1760 1030 1824; x_wconf 95' lang='lat' dir='ltr'>in</span> <span class='ocrx_word' id='word_1_124' title='bbox 1058 1782 1114 1824; x_wconf 92' lang='lat' dir='ltr'>ora</span> <span class='ocrx_word' id='word_1_125' title='bbox 1138 1759 1327 1844; x_wconf 86' lang='lat' dir='ltr'>dirigerent.</span> 
     </span>
     <span class='ocr_line' id='line_1_17' title="bbox 139 1848 1326 1934; baseline -0.003 -20"><span class='ocrx_word' id='word_1_126' title='bbox 139 1849 217 1916; x_wconf 92' lang='lat' dir='ltr'>Non</span> <span class='ocrx_word' id='word_1_127' title='bbox 240 1850 364 1932; x_wconf 88' lang='lat' dir='ltr'>timido,</span> <span class='ocrx_word' id='word_1_128' title='bbox 387 1870 455 1913; x_wconf 92' lang='lat' dir='ltr'>non</span> <span class='ocrx_word' id='word_1_129' title='bbox 477 1849 597 1934; x_wconf 87' lang='lat' dir='ltr'>ignavo</span> <span class='ocrx_word' id='word_1_130' title='bbox 621 1871 746 1914; x_wconf 87' lang='lat' dir='ltr'>cessare</span> <span class='ocrx_word' id='word_1_131' title='bbox 770 1851 840 1912; x_wconf 92' lang='lat' dir='ltr'>tum</span> <span class='ocrx_word' id='word_1_132' title='bbox 858 1849 961 1912; x_wconf 90' lang='lat' dir='ltr'>licuit:</span> <span class='ocrx_word' id='word_1_133' title='bbox 985 1849 1102 1913; x_wconf 89' lang='lat' dir='ltr'>collato</span> <span class='ocrx_word' id='word_1_134' title='bbox 1117 1848 1207 1931; x_wconf 91' lang='lat' dir='ltr'>pede,</span> <span class='ocrx_word' id='word_1_135' title='bbox 1232 1848 1326 1931; x_wconf 92' lang='lat' dir='ltr'>quasi</span> 
     </span>
     <span class='ocr_line' id='line_1_18' title="bbox 141 1936 1325 2023; baseline -0.003 -20"><span class='ocrx_word' id='word_1_136' title='bbox 141 1939 262 2023; x_wconf 85' lang='lat' dir='ltr'>singuli</span> <span class='ocrx_word' id='word_1_137' title='bbox 288 1938 373 2002; x_wconf 89' lang='lat' dir='ltr'>inter</span> <span class='ocrx_word' id='word_1_138' title='bbox 401 1959 435 2002; x_wconf 89' lang='lat' dir='ltr'>se</span> <span class='ocrx_word' id='word_1_139' title='bbox 458 1937 660 2023; x_wconf 88' lang='lat' dir='ltr'>dimicarent,</span> <span class='ocrx_word' id='word_1_140' title='bbox 692 1938 728 2001; x_wconf 94' lang='lat' dir='ltr'>in</span> <span class='ocrx_word' id='word_1_141' title='bbox 751 1937 862 2001; x_wconf 87' lang='lat' dir='ltr'>eodem</span> <span class='ocrx_word' id='word_1_142' title='bbox 885 1937 1022 2021; x_wconf 87' lang='lat' dir='ltr'>vestigio</span> <span class='ocrx_word' id='word_1_143' title='bbox 1046 1938 1192 2019; x_wconf 87' lang='lat' dir='ltr'>stabant,</span> <span class='ocrx_word' id='word_1_144' title='bbox 1221 1936 1325 2000; x_wconf 91' lang='lat' dir='ltr'>donec</span> 
     </span>
     <span class='ocr_line' id='line_1_19' title="bbox 106 2024 1325 2110; baseline -0.008 -13"><span class='ocrx_word' id='word_1_145' title='bbox 106 2027 297 2097; x_wconf 78' lang='lat' dir='ltr'>evincendo</span> <span class='ocrx_word' id='word_1_146' title='bbox 320 2027 427 2090; x_wconf 89' lang='lat' dir='ltr'>locum</span> <span class='ocrx_word' id='word_1_147' title='bbox 451 2026 513 2089; x_wconf 90' lang='lat' dir='ltr'>sibi</span> <span class='ocrx_word' id='word_1_148' title='bbox 535 2026 688 2090; x_wconf 85' lang='lat' dir='ltr'>facerent.</span> <span class='ocrx_word' id='word_1_149' title='bbox 726 2024 810 2089; x_wconf 84' lang='lat' dir='ltr'>Tum</span> <span class='ocrx_word' id='word_1_150' title='bbox 834 2025 963 2089; x_wconf 90' lang='lat' dir='ltr'>demum</span> <span class='ocrx_word' id='word_1_151' title='bbox 987 2045 1063 2110; x_wconf 88' lang='lat' dir='ltr'>argo</span> <span class='ocrx_word' id='word_1_152' title='bbox 1087 2026 1325 2109; x_wconf 87' lang='lat' dir='ltr'>promovebant</span> 
     </span>
     <span class='ocr_line' id='line_1_20' title="bbox 141 2112 1326 2200; baseline -0.001 -22"><span class='ocrx_word' id='word_1_153' title='bbox 141 2115 291 2200; x_wconf 91' lang='lat' dir='ltr'>gradum,</span> <span class='ocrx_word' id='word_1_154' title='bbox 320 2136 392 2178; x_wconf 90' lang='lat' dir='ltr'>curn</span> <span class='ocrx_word' id='word_1_155' title='bbox 415 2113 542 2178; x_wconf 88' lang='lat' dir='ltr'>hostem</span> <span class='ocrx_word' id='word_1_156' title='bbox 565 2116 816 2197; x_wconf 87' lang='lat' dir='ltr'>prostraverant.</span> <span class='ocrx_word' id='word_1_157' title='bbox 853 2112 900 2177; x_wconf 86' lang='lat' dir='ltr'>At</span> <span class='ocrx_word' id='word_1_158' title='bbox 921 2114 995 2178; x_wconf 88' lang='lat' dir='ltr'>illos</span> <span class='ocrx_word' id='word_1_159' title='bbox 1018 2136 1121 2178; x_wconf 84' lang='lat' dir='ltr'>novus</span> <span class='ocrx_word' id='word_1_160' title='bbox 1145 2113 1326 2196; x_wconf 83' lang='lat' dir='ltr'>excipiebat</span> 
     </span>
     <span class='ocr_line' id='line_1_21' title="bbox 142 2202 1322 2286; baseline -0.003 -19"><span class='ocrx_word' id='word_1_161' title='bbox 142 2203 344 2267; x_wconf 87' lang='lat' dir='ltr'>adversarius</span> <span class='ocrx_word' id='word_1_162' title='bbox 366 2202 536 2285; x_wconf 84' lang='lat' dir='ltr'>fatigatos,</span> <span class='ocrx_word' id='word_1_163' title='bbox 559 2223 618 2266; x_wconf 91' lang='lat' dir='ltr'>nec</span> <span class='ocrx_word' id='word_1_164' title='bbox 641 2203 815 2286; x_wconf 78' lang='lat' dir='ltr'>vulnerati,</span> <span class='ocrx_word' id='word_1_165' title='bbox 837 2206 875 2266; x_wconf 94' lang='lat' dir='ltr'>ut</span> <span class='ocrx_word' id='word_1_166' title='bbox 898 2202 977 2266; x_wconf 89' lang='lat' dir='ltr'>alias</span> <span class='ocrx_word' id='word_1_167' title='bbox 1001 2204 1119 2284; x_wconf 90' lang='lat' dir='ltr'>solent,</span> <span class='ocrx_word' id='word_1_168' title='bbox 1142 2202 1209 2265; x_wconf 88' lang='lat' dir='ltr'>acie</span> <span class='ocrx_word' id='word_1_169' title='bbox 1233 2205 1322 2285; x_wconf 89' lang='lat' dir='ltr'>pota-</span> 
     </span>
     <span class='ocr_line' id='line_1_22' title="bbox 140 2289 1319 2376; baseline -0.003 -21"><span class='ocrx_word' id='word_1_170' title='bbox 140 2295 215 2355; x_wconf 91' lang='lat' dir='ltr'>rant</span> <span class='ocrx_word' id='word_1_171' title='bbox 238 2291 402 2372; x_wconf 87' lang='lat' dir='ltr'>excedere,</span> <span class='ocrx_word' id='word_1_172' title='bbox 425 2311 498 2353; x_wconf 92' lang='lat' dir='ltr'>cum</span> <span class='ocrx_word' id='word_1_173' title='bbox 520 2289 624 2354; x_wconf 89' lang='lat' dir='ltr'>hostis</span> <span class='ocrx_word' id='word_1_174' title='bbox 646 2291 785 2354; x_wconf 88' lang='lat' dir='ltr'>instaret</span> <span class='ocrx_word' id='word_1_175' title='bbox 807 2313 827 2354; x_wconf 88' lang='lat' dir='ltr'>a</span> <span class='ocrx_word' id='word_1_176' title='bbox 848 2290 970 2376; x_wconf 88' lang='lat' dir='ltr'>fronte,</span> <span class='ocrx_word' id='word_1_177' title='bbox 993 2313 1012 2354; x_wconf 93' lang='lat' dir='ltr'>a</span> <span class='ocrx_word' id='word_1_178' title='bbox 1034 2294 1127 2376; x_wconf 88' lang='lat' dir='ltr'>tergo</span> <span class='ocrx_word' id='word_1_179' title='bbox 1151 2291 1201 2353; x_wconf 90' lang='lat' dir='ltr'>sui</span> <span class='ocrx_word' id='word_1_180' title='bbox 1224 2310 1319 2373; x_wconf 89' lang='lat' dir='ltr'>urge-</span> 
     </span>
     <span class='ocr_line' id='line_1_23' title="bbox 108 2378 1374 2463; baseline -0.003 -16"><span class='ocrx_word' id='word_1_181' title='bbox 108 2384 222 2448; x_wconf 80' lang='lat' dir='ltr'>rrant.</span> <span class='ocrx_word' id='word_1_182' title='bbox 267 2378 452 2442; x_wconf 83' lang='lat' dir='ltr'>Alexander</span> <span class='ocrx_word' id='word_1_183' title='bbox 482 2398 550 2442; x_wconf 93' lang='lat' dir='ltr'>non</span> <span class='ocrx_word' id='word_1_184' title='bbox 580 2379 670 2442; x_wconf 87' lang='lat' dir='ltr'>ducis</span> <span class='ocrx_word' id='word_1_185' title='bbox 700 2379 804 2462; x_wconf 90' lang='lat' dir='ltr'>magis</span> <span class='ocrx_word' id='word_1_186' title='bbox 838 2401 935 2463; x_wconf 89' lang='lat' dir='ltr'>quarn</span> <span class='ocrx_word' id='word_1_187' title='bbox 967 2379 1080 2443; x_wconf 88' lang='lat' dir='ltr'>militis</span> <span class='ocrx_word' id='word_1_188' title='bbox 1108 2378 1219 2442; x_wconf 89' lang='lat' dir='ltr'>munia</span> <span class='ocrx_word' id='word_1_189' title='bbox 1252 2381 1374 2445; x_wconf 73' lang='lat' dir='ltr'>exe-27</span> 
     </span>
     <span class='ocr_line' id='line_1_24' title="bbox 143 2465 1323 2552; baseline -0.002 -21"><span class='ocrx_word' id='word_1_190' title='bbox 143 2469 315 2552; x_wconf 88' lang='lat' dir='ltr'>quebatur,</span> <span class='ocrx_word' id='word_1_191' title='bbox 345 2467 488 2549; x_wconf 90' lang='lat' dir='ltr'>opimum</span> <span class='ocrx_word' id='word_1_192' title='bbox 516 2466 611 2531; x_wconf 87' lang='lat' dir='ltr'>dacus</span> <span class='ocrx_word' id='word_1_193' title='bbox 640 2488 733 2531; x_wconf 86' lang='lat' dir='ltr'>caeso</span> <span class='ocrx_word' id='word_1_194' title='bbox 756 2488 832 2551; x_wconf 87' lang='lat' dir='ltr'>rege</span> <span class='ocrx_word' id='word_1_195' title='bbox 856 2471 1022 2551; x_wconf 87' lang='lat' dir='ltr'>expetens:</span> <span class='ocrx_word' id='word_1_196' title='bbox 1055 2468 1173 2551; x_wconf 90' lang='lat' dir='ltr'>quippe</span> <span class='ocrx_word' id='word_1_197' title='bbox 1196 2465 1323 2529; x_wconf 89' lang='lat' dir='ltr'>Dareus</span> 
     </span>
     <span class='ocr_line' id='line_1_25' title="bbox 143 2554 1325 2636; baseline -0.003 -15"><span class='ocrx_word' id='word_1_198' title='bbox 143 2578 238 2621; x_wconf 93' lang='lat' dir='ltr'>curru</span> <span class='ocrx_word' id='word_1_199' title='bbox 262 2555 408 2621; x_wconf 88' lang='lat' dir='ltr'>sublimis</span> <span class='ocrx_word' id='word_1_200' title='bbox 432 2555 602 2636; x_wconf 87' lang='lat' dir='ltr'>eminebat,</span> <span class='ocrx_word' id='word_1_201' title='bbox 626 2559 658 2619; x_wconf 88' lang='lat' dir='ltr'>at</span> <span class='ocrx_word' id='word_1_202' title='bbox 681 2556 747 2619; x_wconf 90' lang='lat' dir='ltr'>suis</span> <span class='ocrx_word' id='word_1_203' title='bbox 771 2556 812 2619; x_wconf 88' lang='lat' dir='ltr'>ad</span> <span class='ocrx_word' id='word_1_204' title='bbox 836 2578 870 2620; x_wconf 89' lang='lat' dir='ltr'>se</span> <span class='ocrx_word' id='word_1_205' title='bbox 892 2556 1048 2620; x_wconf 89' lang='lat' dir='ltr'>tuendum</span> <span class='ocrx_word' id='word_1_206' title='bbox 1068 2560 1101 2620; x_wconf 90' lang='lat' dir='ltr'>et</span> <span class='ocrx_word' id='word_1_207' title='bbox 1118 2555 1268 2619; x_wconf 91' lang='lat' dir='ltr'>hostibus</span> <span class='ocrx_word' id='word_1_208' title='bbox 1285 2554 1325 2617; x_wconf 92' lang='lat' dir='ltr'>ad</span> 
     </span>
     <span class='ocr_line' id='line_1_26' title="bbox 108 2641 1327 2730; baseline -0.005 -18"><span class='ocrx_word' id='word_1_209' title='bbox 108 2644 371 2714; x_wconf 81' lang='lat' dir='ltr'>aincessendum</span> <span class='ocrx_word' id='word_1_210' title='bbox 394 2643 511 2728; x_wconf 89' lang='lat' dir='ltr'>ingens</span> <span class='ocrx_word' id='word_1_211' title='bbox 534 2643 789 2708; x_wconf 89' lang='lat' dir='ltr'>incitamentum.</span> <span class='ocrx_word' id='word_1_212' title='bbox 829 2644 919 2730; x_wconf 82' lang='lat' dir='ltr'>Ergo</span> <span class='ocrx_word' id='word_1_213' title='bbox 942 2644 1042 2708; x_wconf 88' lang='lat' dir='ltr'>frater</span> <span class='ocrx_word' id='word_1_214' title='bbox 1065 2645 1133 2707; x_wconf 86' lang='lat' dir='ltr'>eius</span> <span class='ocrx_word' id='word_1_215' title='bbox 1157 2641 1327 2726; x_wconf 87' lang='lat' dir='ltr'>Oxathres,</span> 
     </span>
    </p>
   </div>
   <div class='ocr_carea' id='block_1_3' title="bbox 42 2817 1332 3679">
    <p class='ocr_par' dir='ltr' id='par_1_3' title="bbox 42 2817 1332 3679">
     <span class='ocr_line' id='line_1_27' title="bbox 142 2817 1327 2887; baseline -0.002 -15"><span class='ocrx_word' id='word_1_216' title='bbox 142 2818 361 2886; x_wconf 72' lang='lat' dir='ltr'>unvollattndig.</span> <span class='ocrx_word' id='word_1_217' title='bbox 399 2817 435 2872; x_wconf 87' lang='lat' dir='ltr'>So</span> <span class='ocrx_word' id='word_1_218' title='bbox 458 2817 529 2870; x_wconf 85' lang='lat' dir='ltr'>wird</span> <span class='ocrx_word' id='word_1_219' title='bbox 553 2836 575 2872; x_wconf 81' lang='lat' dir='ltr'>a.</span> <span class='ocrx_word' id='word_1_220' title='bbox 600 2818 630 2872; x_wconf 94' lang='lat' dir='ltr'>B.</span> <span class='ocrx_word' id='word_1_221' title='bbox 659 2817 709 2871; x_wconf 89' lang='lat' dir='ltr'>der</span> <span class='ocrx_word' id='word_1_222' title='bbox 763 2817 1190 2887; x_wconf 78' lang='lat' dir='ltr'>Truppen.Vgl.10.2.30irr</span> <span class='ocrx_word' id='word_1_223' title='bbox 1207 2817 1327 2870; x_wconf 83' lang='lat' dir='ltr'>medium</span> 
     </span>
     <span class='ocr_line' id='line_1_28' title="bbox 163 2887 1326 2957; baseline -0.003 -14"><span class='ocrx_word' id='word_1_224' title='bbox 163 2887 317 2943; x_wconf 81' lang='lat' dir='ltr'>cfahrlicha</span> <span class='ocrx_word' id='word_1_225' title='bbox 331 2887 443 2956; x_wconf 56' lang='lat' dir='ltr'>Anmff</span> <span class='ocrx_word' id='word_1_226' title='bbox 453 2888 503 2941; x_wconf 89' lang='lat' dir='ltr'>der</span> <span class='ocrx_word' id='word_1_227' title='bbox 516 2887 709 2956; x_wconf 83' lang='lat' dir='ltr'>griechischen</span> <span class='ocrx_word' id='word_1_228' title='bbox 762 2905 859 2957; x_wconf 69' lang='lat' dir='ltr'>armen</span> <span class='ocrx_word' id='word_1_229' title='bbox 872 2905 899 2942; x_wconf 85' lang='lat' dir='ltr'>aa</span> <span class='ocrx_word' id='word_1_230' title='bbox 911 2889 1026 2942; x_wconf 78' lang='lat' dir='ltr'>iomisit.</span> <span class='ocrx_word' id='word_1_231' title='bbox 1056 2889 1113 2942; x_wconf 90' lang='lat' dir='ltr'>Das</span> <span class='ocrx_word' id='word_1_232' title='bbox 1126 2887 1259 2956; x_wconf 82' lang='lat' dir='ltr'>folgende</span> <span class='ocrx_word' id='word_1_233' title='bbox 1273 2889 1326 2940; x_wconf 84' lang='lat' dir='ltr'>cir-</span> 
     </span>
     <span class='ocr_line' id='line_1_29' title="bbox 142 2907 1328 3027; baseline -0.002 -15"><span class='ocrx_word' id='word_1_234' title='bbox 142 2907 335 3026; x_wconf 64' lang='lat' dir='ltr'>dolduuppen</span> <span class='ocrx_word' id='word_1_235' title='bbox 348 2957 398 3010; x_wconf 89' lang='lat' dir='ltr'>des</span> <span class='ocrx_word' id='word_1_236' title='bbox 412 2957 513 3010; x_wconf 87' lang='lat' dir='ltr'>Darius</span> <span class='ocrx_word' id='word_1_237' title='bbox 527 2957 578 3010; x_wconf 90' lang='lat' dir='ltr'>auf</span> <span class='ocrx_word' id='word_1_238' title='bbox 589 2957 635 3011; x_wconf 89' lang='lat' dir='ltr'>die</span> <span class='ocrx_word' id='word_1_239' title='bbox 649 2975 708 3012; x_wconf 89' lang='lat' dir='ltr'>ma·</span> <span class='ocrx_word' id='word_1_240' title='bbox 762 2960 881 3025; x_wconf 76' lang='lat' dir='ltr'>cumfasi</span> <span class='ocrx_word' id='word_1_241' title='bbox 907 2958 1054 3027; x_wconf 84' lang='lat' dir='ltr'>badeutet‚</span> <span class='ocrx_word' id='word_1_242' title='bbox 1082 2957 1136 3013; x_wconf 99' lang='grc' dir='ltr'>πίε</span> <span class='ocrx_word' id='word_1_243' title='bbox 1158 2958 1259 3012; x_wconf 91' lang='lat' dir='ltr'>immer</span> <span class='ocrx_word' id='word_1_244' title='bbox 1281 2957 1328 3011; x_wconf 85' lang='lat' dir='ltr'>bai</span> 
     </span>
     <span class='ocr_line' id='line_1_30' title="bbox 144 3026 1327 3100; baseline 0 -18"><span class='ocrx_word' id='word_1_245' title='bbox 144 3027 309 3083; x_wconf 85' lang='lat' dir='ltr'>cadonisehe</span> <span class='ocrx_word' id='word_1_246' title='bbox 324 3026 452 3079; x_wconf 87' lang='lat' dir='ltr'>Phalanx</span> <span class='ocrx_word' id='word_1_247' title='bbox 470 3027 527 3079; x_wconf 90' lang='lat' dir='ltr'>und</span> <span class='ocrx_word' id='word_1_248' title='bbox 546 3027 591 3081; x_wconf 87' lang='lat' dir='ltr'>die</span> <span class='ocrx_word' id='word_1_249' title='bbox 610 3027 708 3095; x_wconf 79' lang='lat' dir='ltr'>glficlr·</span> <span class='ocrx_word' id='word_1_250' title='bbox 763 3027 802 3098; x_wconf 78' lang='grc'>0.,</span> <span class='ocrx_word' id='word_1_251' title='bbox 820 3029 1038 3100; x_wconf 82' lang='lat' dir='ltr'>umringand,</span> <span class='ocrx_word' id='word_1_252' title='bbox 1056 3028 1147 3082; x_wconf 87' lang='lat' dir='ltr'>nicht:</span> <span class='ocrx_word' id='word_1_253' title='bbox 1166 3028 1327 3098; x_wconf 87' lang='lat' dir='ltr'>umringt.</span> 
     </span>
     <span class='ocr_line' id='line_1_31' title="bbox 142 3096 1328 3166; baseline -0.002 -13"><span class='ocrx_word' id='word_1_254' title='bbox 142 3099 217 3153; x_wconf 88' lang='lat' dir='ltr'>licha</span> <span class='ocrx_word' id='word_1_255' title='bbox 241 3096 493 3166; x_wconf 82' lang='lat' dir='ltr'>Seitenbawegung</span> <span class='ocrx_word' id='word_1_256' title='bbox 521 3097 569 3151; x_wconf 88' lang='lat' dir='ltr'>des</span> <span class='ocrx_word' id='word_1_257' title='bbox 591 3098 708 3151; x_wconf 90' lang='lat' dir='ltr'>rechten</span> <span class='ocrx_word' id='word_1_258' title='bbox 762 3131 796 3139; x_wconf 89' lang='lat'><em>-</em></span> <span class='ocrx_word' id='word_1_259' title='bbox 815 3101 1064 3155; x_wconf 75' lang='lat' dir='ltr'>concurrentia.</span> <span class='ocrx_word' id='word_1_260' title='bbox 1102 3098 1183 3153; x_wconf 80' lang='lat' dir='ltr'>Sinn:</span> <span class='ocrx_word' id='word_1_261' title='bbox 1208 3099 1248 3153; x_wconf 88' lang='lat' dir='ltr'>sie</span> <span class='ocrx_word' id='word_1_262' title='bbox 1267 3116 1328 3152; x_wconf 88' lang='lat' dir='ltr'>ver-</span> 
     </span>
     <span class='ocr_line' id='line_1_32' title="bbox 143 3166 1332 3240; baseline 0 -18"><span class='ocrx_word' id='word_1_263' title='bbox 143 3168 257 3239; x_wconf 83' lang='lat' dir='ltr'>Fh&#39;igala</span> <span class='ocrx_word' id='word_1_264' title='bbox 276 3168 326 3221; x_wconf 89' lang='lat' dir='ltr'>der</span> <span class='ocrx_word' id='word_1_265' title='bbox 339 3166 518 3221; x_wconf 89' lang='lat' dir='ltr'>Macedonier</span> <span class='ocrx_word' id='word_1_266' title='bbox 534 3185 625 3237; x_wconf 85' lang='lat' dir='ltr'>gagen</span> <span class='ocrx_word' id='word_1_267' title='bbox 640 3168 707 3237; x_wconf 84' lang='lat' dir='ltr'>jene</span> <span class='ocrx_word' id='word_1_268' title='bbox 760 3170 854 3240; x_wconf 82' lang='lat' dir='ltr'>fingen</span> <span class='ocrx_word' id='word_1_269' title='bbox 872 3170 945 3239; x_wconf 89' lang='lat' dir='ltr'>sich,</span> <span class='ocrx_word' id='word_1_270' title='bbox 964 3171 1002 3224; x_wconf 92' lang='lat' dir='ltr'>da</span> <span class='ocrx_word' id='word_1_271' title='bbox 1018 3170 1115 3239; x_wconf 76' lang='lat' dir='ltr'>haufig</span> <span class='ocrx_word' id='word_1_272' title='bbox 1133 3170 1259 3223; x_wconf 89' lang='lat' dir='ltr'>mehrere</span> <span class='ocrx_word' id='word_1_273' title='bbox 1280 3169 1332 3223; x_wconf 79' lang='lat' dir='ltr'>aut</span> 
     </span>
     <span class='ocr_line' id='line_1_33' title="bbox 164 3238 1328 3310; baseline 0 -17"><span class='ocrx_word' id='word_1_274' title='bbox 164 3256 196 3294; x_wconf 90' lang='lat' dir='ltr'>ar</span> <span class='ocrx_word' id='word_1_275' title='bbox 209 3239 289 3292; x_wconf 88' lang='lat' dir='ltr'>nicht</span> <span class='ocrx_word' id='word_1_276' title='bbox 303 3238 437 3292; x_wconf 80' lang='lat' dir='ltr'>erw&#39;ahnt.</span> <span class='ocrx_word' id='word_1_277' title='bbox 462 3238 542 3292; x_wconf 84' lang='lat' dir='ltr'>Auch</span> <span class='ocrx_word' id='word_1_278' title='bbox 555 3238 629 3292; x_wconf 82' lang='lat' dir='ltr'>fehlt</span> <span class='ocrx_word' id='word_1_279' title='bbox 641 3238 710 3293; x_wconf 92' lang='lat' dir='ltr'>viel-</span> <span class='ocrx_word' id='word_1_280' title='bbox 765 3240 1001 3296; x_wconf 86' lang='lat' dir='ltr'>diaselbenLeute</span> <span class='ocrx_word' id='word_1_281' title='bbox 1010 3240 1151 3310; x_wconf 79' lang='lat' dir='ltr'>gerichtet</span> <span class='ocrx_word' id='word_1_282' title='bbox 1159 3257 1263 3308; x_wconf 86' lang='lat' dir='ltr'>waren,</span> <span class='ocrx_word' id='word_1_283' title='bbox 1271 3257 1328 3294; x_wconf 90' lang='grc' dir='ltr'>πο-</span> 
     </span>
     <span class='ocr_line' id='line_1_34' title="bbox 143 3257 1328 3380; baseline 0 -16"><span class='ocrx_word' id='word_1_284' title='bbox 143 3257 209 3364; x_wconf 69' lang='lat' dir='ltr'>iaeh</span> <span class='ocrx_word' id='word_1_285' title='bbox 231 3309 278 3364; x_wconf 89' lang='lat' dir='ltr'>die</span> <span class='ocrx_word' id='word_1_286' title='bbox 301 3308 485 3378; x_wconf 71' lang='lat' dir='ltr'>Moffivirnng,</span> <span class='ocrx_word' id='word_1_287' title='bbox 514 3310 571 3364; x_wconf 85' lang='lat' dir='ltr'>bez.</span> <span class='ocrx_word' id='word_1_288' title='bbox 590 3308 710 3379; x_wconf 86' lang='lat' dir='ltr'>richtige</span> <span class='ocrx_word' id='word_1_289' title='bbox 764 3311 852 3366; x_wconf 91' lang='lat' dir='ltr'>durch</span> <span class='ocrx_word' id='word_1_290' title='bbox 879 3311 919 3365; x_wconf 87' lang='lat' dir='ltr'>sia</span> <span class='ocrx_word' id='word_1_291' title='bbox 946 3311 1039 3366; x_wconf 80' lang='lat' dir='ltr'>kraft-</span> <span class='ocrx_word' id='word_1_292' title='bbox 1061 3311 1119 3365; x_wconf 91' lang='lat' dir='ltr'>und</span> <span class='ocrx_word' id='word_1_293' title='bbox 1142 3309 1328 3380; x_wconf 84' lang='lat' dir='ltr'>wirkungslos</span> 
     </span>
     <span class='ocr_line' id='line_1_35' title="bbox 144 3379 1327 3450; baseline 0.001 -16"><span class='ocrx_word' id='word_1_294' title='bbox 144 3379 317 3449; x_wconf 83' lang='lat' dir='ltr'>Motivirung</span> <span class='ocrx_word' id='word_1_295' title='bbox 345 3381 394 3434; x_wconf 90' lang='lat' dir='ltr'>der</span> <span class='ocrx_word' id='word_1_296' title='bbox 419 3381 582 3434; x_wconf 80' lang='lat' dir='ltr'>erw‘ahnten</span> <span class='ocrx_word' id='word_1_297' title='bbox 606 3379 709 3450; x_wconf 91' lang='lat' dir='ltr'>Opera·</span> <span class='ocrx_word' id='word_1_298' title='bbox 763 3382 885 3436; x_wconf 87' lang='lat' dir='ltr'>wurden.</span> <span class='ocrx_word' id='word_1_299' title='bbox 924 3382 1030 3437; x_wconf 90' lang='lat' dir='ltr'>Diodor</span> <span class='ocrx_word' id='word_1_300' title='bbox 1058 3381 1165 3436; x_wconf 77' lang='lat' dir='ltr'>erzthlt</span> <span class='ocrx_word' id='word_1_301' title='bbox 1191 3381 1327 3436; x_wconf 85' lang='lat' dir='ltr'>dasselba</span> 
     </span>
     <span class='ocr_line' id='line_1_36' title="bbox 143 3450 1329 3520; baseline 0 -15"><span class='ocrx_word' id='word_1_302' title='bbox 143 3450 247 3505; x_wconf 89' lang='lat' dir='ltr'>tionen.</span> <span class='ocrx_word' id='word_1_303' title='bbox 272 3451 309 3504; x_wconf 85' lang='lat' dir='ltr'>Es</span> <span class='ocrx_word' id='word_1_304' title='bbox 322 3450 360 3505; x_wconf 87' lang='lat' dir='ltr'>ist</span> <span class='ocrx_word' id='word_1_305' title='bbox 373 3451 462 3505; x_wconf 90' lang='lat' dir='ltr'>daher</span> <span class='ocrx_word' id='word_1_306' title='bbox 472 3453 531 3506; x_wconf 88' lang='lat' dir='ltr'>Arr.</span> <span class='ocrx_word' id='word_1_307' title='bbox 545 3457 570 3507; x_wconf 80' lang='lat'>2.</span> <span class='ocrx_word' id='word_1_308' title='bbox 581 3452 709 3506; x_wconf 90' lang='lat' dir='ltr'>10nach·</span> <span class='ocrx_word' id='word_1_309' title='bbox 763 3483 797 3492; x_wconf 95' lang='lat'><em>-</em></span> <span class='ocrx_word' id='word_1_310' title='bbox 816 3455 853 3507; x_wconf 81' lang='lat' dir='ltr'>irc</span> <span class='ocrx_word' id='word_1_311' title='bbox 869 3454 999 3506; x_wconf 81' lang='lat' dir='ltr'>barnam</span> <span class='ocrx_word' id='word_1_312' title='bbox 1014 3478 1048 3498; x_wconf 84' lang='lat'>==</span> <span class='ocrx_word' id='word_1_313' title='bbox 1061 3453 1145 3520; x_wconf 76' lang='lat' dir='ltr'>humi,</span> <span class='ocrx_word' id='word_1_314' title='bbox 1165 3453 1237 3506; x_wconf 89' lang='lat' dir='ltr'>auch</span> <span class='ocrx_word' id='word_1_315' title='bbox 1251 3454 1329 3506; x_wconf 80' lang='lat' dir='ltr'>sonat</span> 
     </span>
     <span class='ocr_line' id='line_1_37' title="bbox 42 3522 858 3578; baseline 0.005 -4"><span class='ocrx_word' id='word_1_316' title='bbox 42 3532 45 3537; x_wconf 85' lang='lat'>&#39;</span> <span class='ocrx_word' id='word_1_317' title='bbox 144 3522 304 3576; x_wconf 80' lang='lat' dir='ltr'>zulesen.-</span> <span class='ocrx_word' id='word_1_318' title='bbox 323 3523 366 3576; x_wconf 85' lang='lat' dir='ltr'>ad</span> <span class='ocrx_word' id='word_1_319' title='bbox 383 3523 444 3575; x_wconf 86' lang='lat' dir='ltr'>teli</span> <span class='ocrx_word' id='word_1_320' title='bbox 462 3523 709 3577; x_wconf 83' lang='lat' dir='ltr'>iactams.oban</span> <span class='ocrx_word' id='word_1_321' title='bbox 762 3523 809 3577; x_wconf 89' lang='lat' dir='ltr'>bei</span> <span class='ocrx_word' id='word_1_322' title='bbox 830 3522 858 3578; x_wconf 83' lang='grc' dir='ltr'>Ο.</span> 
     </span>
     <span class='ocr_line' id='line_1_38' title="bbox 146 3593 1328 3679; baseline 0.003 -33"><span class='ocrx_word' id='word_1_323' title='bbox 146 3599 187 3648; x_wconf 88' lang='lat'>10.</span> <span class='ocrx_word' id='word_1_324' title='bbox 200 3598 233 3646; x_wconf 67' lang='lat'>4.</span> <span class='ocrx_word' id='word_1_325' title='bbox 252 3623 286 3632; x_wconf 91' lang='lat'><em>-</em></span> <span class='ocrx_word' id='word_1_326' title='bbox 305 3593 564 3660; x_wconf 78' lang='lat' dir='ltr'>circumibatur,</span> <span class='ocrx_word' id='word_1_327' title='bbox 583 3593 708 3648; x_wconf 73' lang='lat' dir='ltr'>nbmlich</span> <span class='ocrx_word' id='word_1_328' title='bbox 799 3615 823 3665; x_wconf 75' lang='lat'>5¹</span> <span class='ocrx_word' id='word_1_329' title='bbox 847 3612 884 3664; x_wconf 60' lang='lat' dir='ltr'>i„</span> <span class='ocrx_word' id='word_1_330' title='bbox 902 3613 1012 3666; x_wconf 50' lang='lat' dir='ltr'>,odem</span> <span class='ocrx_word' id='word_1_331' title='bbox 1028 3611 1183 3679; x_wconf 56' lang='lat' dir='ltr'>vestrm,</span> <span class='ocrx_word' id='word_1_332' title='bbox 1210 3609 1268 3679; x_wconf 50' lang='grc' dir='ltr'>γει,</span> <span class='ocrx_word' id='word_1_333' title='bbox 1288 3626 1328 3664; x_wconf 64' lang='grc' dir='ltr'>ω.</span> 
     </span>
    </p>
   </div>
   <div class='ocr_carea' id='block_1_4' title="bbox 144 3662 1329 3750">
    <p class='ocr_par' dir='ltr' id='par_1_4' title="bbox 144 3662 1329 3750">
     <span class='ocr_line' id='line_1_39' title="bbox 144 3662 1329 3750; baseline -0.003 -31"><span class='ocrx_word' id='word_1_334' title='bbox 144 3681 211 3719; x_wconf 87' lang='lat' dir='ltr'>vom</span> <span class='ocrx_word' id='word_1_335' title='bbox 241 3663 376 3731; x_wconf 73' lang='lat' dir='ltr'>langaran</span> <span class='ocrx_word' id='word_1_336' title='bbox 402 3662 499 3717; x_wconf 86' lang='lat' dir='ltr'>linken</span> <span class='ocrx_word' id='word_1_337' title='bbox 526 3664 628 3733; x_wconf 83' lang='lat' dir='ltr'>Fh&#39;igel</span> <span class='ocrx_word' id='word_1_338' title='bbox 660 3665 709 3718; x_wconf 90' lang='lat' dir='ltr'>der</span> <span class='ocrx_word' id='word_1_339' title='bbox 762 3683 821 3736; x_wconf 60' lang='lat' dir='ltr'>dem</span> <span class='ocrx_word' id='word_1_340' title='bbox 838 3682 951 3750; x_wconf 48' lang='lat' dir='ltr'>,emo</span> <span class='ocrx_word' id='word_1_341' title='bbox 967 3698 1105 3737; x_wconf 62' lang='lat' dir='ltr'>,emere</span> <span class='ocrx_word' id='word_1_342' title='bbox 1123 3680 1238 3750; x_wconf 42' lang='lat'>(0292),</span> <span class='ocrx_word' id='word_1_343' title='bbox 1256 3682 1329 3734; x_wconf 63' lang='lat' dir='ltr'><strong><em>mori</em></strong></span> 
     </span>
    </p>
   </div>
   <div class='ocr_carea' id='block_1_5' title="bbox 43 3733 1328 3964">
    <p class='ocr_par' dir='ltr' id='par_1_5' title="bbox 43 3733 1328 3964">
     <span class='ocr_line' id='line_1_40' title="bbox 144 3733 1033 3822; baseline -0.006 -11"><span class='ocrx_word' id='word_1_344' title='bbox 144 3733 258 3790; x_wconf 59' lang='lat' dir='ltr'>Feindfl·</span> <span class='ocrx_word' id='word_1_345' title='bbox 463 3804 469 3815; x_wconf 81' lang='grc'>,</span> <span class='ocrx_word' id='word_1_346' title='bbox 618 3804 624 3816; x_wconf 88' lang='grc'><em>,</em></span> <span class='ocrx_word' id='word_1_347' title='bbox 762 3753 794 3806; x_wconf 82' lang='lat' dir='ltr'>ia</span> <span class='ocrx_word' id='word_1_348' title='bbox 811 3754 922 3821; x_wconf 65' lang='lat' dir='ltr'>castigio</span> <span class='ocrx_word' id='word_1_349' title='bbox 942 3751 1033 3822; x_wconf 63' lang='lat' dir='ltr'>(Iria).</span> 
     </span>
     <span class='ocr_line' id='line_1_41' title="bbox 43 3803 1328 3895; baseline -0.007 6"><span class='ocrx_word' id='word_1_350' title='bbox 43 3824 47 3831; x_wconf 29' lang='grc' dir='ltr'>Ι</span> <span class='ocrx_word' id='word_1_351' title='bbox 182 3811 206 3888; x_wconf 61' lang='lat'>2·</span> <span class='ocrx_word' id='word_1_352' title='bbox 225 3804 403 3869; x_wconf 46' lang='lat' dir='ltr'>‘rammi&#39;</span> <span class='ocrx_word' id='word_1_353' title='bbox 431 3803 486 3857; x_wconf 49' lang='grc' dir='ltr'>Μή</span> <span class='ocrx_word' id='word_1_354' title='bbox 502 3805 709 3888; x_wconf 46' lang='lat' dir='ltr'>mamb-ein</span> <span class='ocrx_word' id='word_1_355' title='bbox 798 3841 974 3895; x_wconf 70' lang='lat' dir='ltr'>batillos</span> <span class='ocrx_word' id='word_1_356' title='bbox 1006 3840 1052 3895; x_wconf 89' lang='lat' dir='ltr'>die</span> <span class='ocrx_word' id='word_1_357' title='bbox 1070 3838 1249 3894; x_wconf 88' lang='lat' dir='ltr'>Macedonier</span> <span class='ocrx_word' id='word_1_358' title='bbox 1276 3840 1328 3893; x_wconf 87' lang='lat' dir='ltr'>das</span> 
     </span>
     <span class='ocr_line' id='line_1_42' title="bbox 146 3872 1257 3964; baseline -0.005 -34"><span class='ocrx_word' id='word_1_359' title='bbox 146 3875 252 3946; x_wconf 78' lang='lat' dir='ltr'>ObJakt</span> <span class='ocrx_word' id='word_1_360' title='bbox 269 3874 342 3928; x_wconf 89' lang='lat' dir='ltr'>auch</span> <span class='ocrx_word' id='word_1_361' title='bbox 361 3872 426 3928; x_wconf 83' lang='lat' dir='ltr'>Tac.</span> <span class='ocrx_word' id='word_1_362' title='bbox 441 3891 504 3929; x_wconf 87' lang='lat' dir='ltr'>ann.</span> <span class='ocrx_word' id='word_1_363' title='bbox 519 3881 589 3933; x_wconf 62' lang='lat'>262</span> <span class='ocrx_word' id='word_1_364' title='bbox 609 3876 708 3930; x_wconf 77' lang='lat' dir='ltr'>oblivio</span> <span class='ocrx_word' id='word_1_365' title='bbox 762 3909 786 3964; x_wconf 68' lang='lat' dir='ltr'><strong>G</strong></span> <span class='ocrx_word' id='word_1_366' title='bbox 978 3882 987 3907; x_wconf 81' lang='lat'><em>’</em></span> <span class='ocrx_word' id='word_1_367' title='bbox 1250 3882 1257 3907; x_wconf 81' lang='lat'>‘</span> 
     </span>
    </p>
   </div>
   <div class='ocr_carea' id='block_1_6' title="bbox 28 3911 1328 4510">
    <p class='ocr_par' dir='ltr' id='par_1_6' title="bbox 141 3911 1327 4141">
     <span class='ocr_line' id='line_1_43' title="bbox 141 3911 1242 4014; baseline 0 -14"><span class='ocrx_word' id='word_1_368' title='bbox 141 3947 254 4014; x_wconf 78' lang='lat' dir='ltr'>patriae</span> <span class='ocrx_word' id='word_1_369' title='bbox 271 3947 329 3999; x_wconf 80' lang='lat' dir='ltr'>arria</span> <span class='ocrx_word' id='word_1_370' title='bbox 347 3961 475 4014; x_wconf 78' lang='lat' dir='ltr'>quemque</span> <span class='ocrx_word' id='word_1_371' title='bbox 493 3946 527 3999; x_wconf 87' lang='lat' dir='ltr'>ab</span> <span class='ocrx_word' id='word_1_372' title='bbox 541 3946 650 3999; x_wconf 81' lang='lat' dir='ltr'>sedibus</span> <span class='ocrx_word' id='word_1_373' title='bbox 663 3947 707 4000; x_wconf 84' lang='lat' dir='ltr'>bo·</span> <span class='ocrx_word' id='word_1_374' title='bbox 787 3911 1030 4012; x_wconf 41' lang='lat' dir='ltr'>edankffnfflbjekt</span> <span class='ocrx_word' id='word_1_375' title='bbox 1048 3928 1103 3966; x_wconf 53' lang='lat'>’⁷⁰¹²</span> <span class='ocrx_word' id='word_1_376' title='bbox 1121 3916 1145 3977; x_wconf 54' lang='grc' dir='ltr'>ἕ·</span> <span class='ocrx_word' id='word_1_377' title='bbox 1163 3916 1242 3964; x_wconf 56' lang='grc' dir='ltr'>Η·</span> 
     </span>
     <span class='ocr_line' id='line_1_44' title="bbox 144 4000 1327 4084; baseline -0.002 -14"><span class='ocrx_word' id='word_1_378' title='bbox 144 4018 232 4071; x_wconf 73' lang='lat' dir='ltr'>atatem</span> <span class='ocrx_word' id='word_1_379' title='bbox 249 4018 282 4070; x_wconf 80' lang='lat' dir='ltr'>ira</span> <span class='ocrx_word' id='word_1_380' title='bbox 299 4032 397 4084; x_wconf 72' lang='lat' dir='ltr'>aprum</span> <span class='ocrx_word' id='word_1_381' title='bbox 414 4016 553 4082; x_wconf 73' lang='lat' dir='ltr'>transfert.</span> <span class='ocrx_word' id='word_1_382' title='bbox 798 4006 822 4054; x_wconf 76' lang='grc'>7·</span> <span class='ocrx_word' id='word_1_383' title='bbox 841 4015 985 4083; x_wconf 54' lang='grc' dir='ltr'>ΟΜΝ</span> <span class='ocrx_word' id='word_1_384' title='bbox 1002 4001 1102 4054; x_wconf 56' lang='lat' dir='ltr'>&lt;1⁶⁰²ss</span> <span class='ocrx_word' id='word_1_385' title='bbox 1108 4042 1117 4082; x_wconf 65' lang='grc' dir='ltr'>ι,</span> <span class='ocrx_word' id='word_1_386' title='bbox 1134 4000 1206 4053; x_wconf 56' lang='grc' dir='ltr'>Μὴ</span> <span class='ocrx_word' id='word_1_387' title='bbox 1227 4004 1250 4051; x_wconf 79' lang='lat'>⁷·</span> <span class='ocrx_word' id='word_1_388' title='bbox 1261 4006 1285 4053; x_wconf 86' lang='lat'>4·</span> <span class='ocrx_word' id='word_1_389' title='bbox 1294 4005 1327 4052; x_wconf 71' lang='lat'>4⁰</span> 
     </span>
     <span class='ocr_line' id='line_1_45' title="bbox 181 4071 1171 4141; baseline -0.003 0"><span class='ocrx_word' id='word_1_390' title='bbox 181 4094 206 4141; x_wconf 88' lang='lat'>3.</span> <span class='ocrx_word' id='word_1_391' title='bbox 241 4087 420 4140; x_wconf 80' lang='lat' dir='ltr'>Thessalia.</span> <span class='ocrx_word' id='word_1_392' title='bbox 456 4085 523 4140; x_wconf 89' lang='lat' dir='ltr'>Man</span> <span class='ocrx_word' id='word_1_393' title='bbox 549 4103 598 4140; x_wconf 88' lang='lat' dir='ltr'>ver</span> <span class='ocrx_word' id='word_1_394' title='bbox 617 4086 708 4140; x_wconf 89' lang='lat' dir='ltr'>leicha</span> <span class='ocrx_word' id='word_1_395' title='bbox 763 4096 797 4117; x_wconf 82' lang='lat'>=</span> <span class='ocrx_word' id='word_1_396' title='bbox 815 4071 906 4138; x_wconf 66' lang='lat' dir='ltr'>⁸P⁰lw</span> <span class='ocrx_word' id='word_1_397' title='bbox 923 4072 1053 4139; x_wconf 58' lang='lat' dir='ltr'>(Praeda)</span> <span class='ocrx_word' id='word_1_398' title='bbox 1070 4086 1171 4138; x_wconf 54' lang='lat' dir='ltr'>‘&#39;Pim-</span> 
     </span>
    </p>

    <p class='ocr_par' dir='ltr' id='par_1_7' title="bbox 146 4156 1328 4214">
     <span class='ocr_line' id='line_1_46' title="bbox 146 4156 1328 4214; baseline 0 -3"><span class='ocrx_word' id='word_1_399' title='bbox 146 4157 201 4212; x_wconf 92' lang='lat' dir='ltr'>den</span> <span class='ocrx_word' id='word_1_400' title='bbox 226 4156 340 4212; x_wconf 88' lang='lat' dir='ltr'>Bericht</span> <span class='ocrx_word' id='word_1_401' title='bbox 366 4158 435 4210; x_wconf 80' lang='lat' dir='ltr'>iiber</span> <span class='ocrx_word' id='word_1_402' title='bbox 463 4156 552 4211; x_wconf 88' lang='lat' dir='ltr'>dieses</span> <span class='ocrx_word' id='word_1_403' title='bbox 606 4163 710 4212; x_wconf 74' lang='lat' dir='ltr'>anbver</span> <span class='ocrx_word' id='word_1_404' title='bbox 799 4165 823 4214; x_wconf 90' lang='lat'>8.</span> <span class='ocrx_word' id='word_1_405' title='bbox 845 4157 1020 4214; x_wconf 79' lang='lat' dir='ltr'>Orotbrca</span> <span class='ocrx_word' id='word_1_406' title='bbox 1040 4157 1328 4213; x_wconf 81' lang='lat' dir='ltr'>Ganausoberichtet</span> 
     </span>
    </p>

    <p class='ocr_par' dir='ltr' id='par_1_8' title="bbox 28 4228 1327 4373">
     <span class='ocr_line' id='line_1_47' title="bbox 145 4228 1326 4298; baseline 0.001 -16"><span class='ocrx_word' id='word_1_407' title='bbox 145 4228 361 4282; x_wconf 78' lang='lat' dir='ltr'>beiArr.2.9.</span> <span class='ocrx_word' id='word_1_408' title='bbox 382 4235 405 4282; x_wconf 95' lang='lat'>1.</span> <span class='ocrx_word' id='word_1_409' title='bbox 494 4253 499 4262; x_wconf 87' lang='lat'>.</span> <span class='ocrx_word' id='word_1_410' title='bbox 762 4228 875 4284; x_wconf 90' lang='lat' dir='ltr'>Diodor.</span> <span class='ocrx_word' id='word_1_411' title='bbox 904 4260 938 4269; x_wconf 90' lang='lat'>-</span> <span class='ocrx_word' id='word_1_412' title='bbox 968 4245 1069 4298; x_wconf 79' lang='lat' dir='ltr'>saper</span> <span class='ocrx_word' id='word_1_413' title='bbox 1092 4234 1216 4283; x_wconf 81' lang='lat' dir='ltr'>cataros</span> <span class='ocrx_word' id='word_1_414' title='bbox 1234 4230 1326 4283; x_wconf 81' lang='lat' dir='ltr'>amia.</span> 
     </span>
     <span class='ocr_line' id='line_1_48' title="bbox 28 4298 1327 4373; baseline 0 -21"><span class='ocrx_word' id='word_1_415' title='bbox 28 4366 31 4373; x_wconf 37' lang='grc' dir='ltr'>Ι</span> <span class='ocrx_word' id='word_1_416' title='bbox 182 4306 207 4353; x_wconf 89' lang='grc'>4.</span> <span class='ocrx_word' id='word_1_417' title='bbox 235 4300 371 4353; x_wconf 78' lang='lat' dir='ltr'>inmissi</span> <span class='ocrx_word' id='word_1_418' title='bbox 389 4299 524 4353; x_wconf 86' lang='lat' dir='ltr'>substant.</span> <span class='ocrx_word' id='word_1_419' title='bbox 543 4298 588 4352; x_wconf 79' lang='lat' dir='ltr'>fiir</span> <span class='ocrx_word' id='word_1_420' title='bbox 606 4299 642 4364; x_wconf 86' lang='lat' dir='ltr'>ii,</span> <span class='ocrx_word' id='word_1_421' title='bbox 661 4301 710 4368; x_wconf 81' lang='lat' dir='ltr'>qai</span> <span class='ocrx_word' id='word_1_422' title='bbox 762 4298 816 4354; x_wconf 87' lang='grc' dir='ltr'>πίε</span> <span class='ocrx_word' id='word_1_423' title='bbox 835 4307 860 4355; x_wconf 87' lang='lat'>4.</span> <span class='ocrx_word' id='word_1_424' title='bbox 880 4305 905 4355; x_wconf 86' lang='grc'>4.</span> <span class='ocrx_word' id='word_1_425' title='bbox 925 4306 954 4365; x_wconf 81' lang='grc'>8;</span> <span class='ocrx_word' id='word_1_426' title='bbox 980 4306 1115 4366; x_wconf 80' lang='lat' dir='ltr'>8.1a.r;</span> <span class='ocrx_word' id='word_1_427' title='bbox 1144 4300 1225 4354; x_wconf 83' lang='lat' dir='ltr'>class.</span> <span class='ocrx_word' id='word_1_428' title='bbox 1244 4299 1327 4354; x_wconf 77' lang='lat' dir='ltr'>dafiir</span> 
     </span>
    </p>

    <p class='ocr_par' dir='ltr' id='par_1_9' title="bbox 146 4368 1325 4439">
     <span class='ocr_line' id='line_1_49' title="bbox 146 4368 1325 4439; baseline 0 -14"><span class='ocrx_word' id='word_1_429' title='bbox 146 4371 256 4425; x_wconf 68' lang='lat' dir='ltr'>iambei</span> <span class='ocrx_word' id='word_1_430' title='bbox 273 4375 359 4424; x_wconf 82' lang='lat' dir='ltr'>eruat.</span> <span class='ocrx_word' id='word_1_431' title='bbox 390 4368 521 4424; x_wconf 81' lang='lat' dir='ltr'>Gameint</span> <span class='ocrx_word' id='word_1_432' title='bbox 539 4369 601 4424; x_wconf 88' lang='lat' dir='ltr'>sind</span> <span class='ocrx_word' id='word_1_433' title='bbox 620 4369 665 4423; x_wconf 88' lang='lat' dir='ltr'>dia</span> <span class='ocrx_word' id='word_1_434' title='bbox 685 4374 707 4436; x_wconf 67' lang='grc' dir='ltr'>ξ.</span> <span class='ocrx_word' id='word_1_435' title='bbox 761 4370 803 4424; x_wconf 90' lang='lat' dir='ltr'>im</span> <span class='ocrx_word' id='word_1_436' title='bbox 820 4369 900 4426; x_wconf 82' lang='lat' dir='ltr'>bildl</span> <span class='ocrx_word' id='word_1_437' title='bbox 920 4369 1017 4425; x_wconf 81' lang='lat' dir='ltr'>Sinna:</span> <span class='ocrx_word' id='word_1_438' title='bbox 1046 4371 1160 4424; x_wconf 77' lang='lat' dir='ltr'>aminare</span> <span class='ocrx_word' id='word_1_439' title='bbox 1178 4371 1222 4439; x_wconf 83' lang='lat' dir='ltr'>io,</span> <span class='ocrx_word' id='word_1_440' title='bbox 1245 4372 1325 4425; x_wconf 78' lang='lat' dir='ltr'>inter.</span> 
     </span>
    </p>

    <p class='ocr_par' dir='ltr' id='par_1_10' title="bbox 147 4439 1327 4510">
     <span class='ocr_line' id='line_1_50' title="bbox 147 4439 1327 4510; baseline 0.002 -16"><span class='ocrx_word' id='word_1_441' title='bbox 147 4439 410 4495; x_wconf 80' lang='lat' dir='ltr'>2mitdemWorte</span> <span class='ocrx_word' id='word_1_442' title='bbox 424 4440 709 4495; x_wconf 77' lang='lat' dir='ltr'>oeterr&#39;bazeichneten</span> <span class='ocrx_word' id='word_1_443' title='bbox 764 4471 796 4481; x_wconf 91' lang='lat'><em>-</em></span> <span class='ocrx_word' id='word_1_444' title='bbox 816 4442 853 4494; x_wconf 82' lang='lat' dir='ltr'>ia</span> <span class='ocrx_word' id='word_1_445' title='bbox 865 4443 991 4510; x_wconf 80' lang='lat' dir='ltr'>paucis</span> <span class='ocrx_word' id='word_1_446' title='bbox 1012 4440 1066 4495; x_wconf 88' lang='grc' dir='ltr'>πίε</span> <span class='ocrx_word' id='word_1_447' title='bbox 1090 4441 1122 4494; x_wconf 80' lang='lat' dir='ltr'>ia</span> <span class='ocrx_word' id='word_1_448' title='bbox 1135 4457 1166 4510; x_wconf 80' lang='lat' dir='ltr'>p.</span> <span class='ocrx_word' id='word_1_449' title='bbox 1185 4446 1283 4510; x_wconf 70' lang='lat' dir='ltr'>protae</span> <span class='ocrx_word' id='word_1_450' title='bbox 1301 4448 1327 4496; x_wconf 83' lang='lat'>4.</span> 
     </span>
    </p>
   </div>
   <div class='ocr_carea' id='block_1_7' title="bbox 0 0 1407 4800">
    <p class='ocr_par' dir='ltr' id='par_1_11' title="bbox 0 0 1407 4800">
     <span class='ocr_line' id='line_1_51' title="bbox 0 0 1407 4800; baseline 0 0"><span class='ocrx_word' id='word_1_451' title='bbox 0 0 1407 4800; x_wconf 95' lang='lat' dir='ltr'> </span> 
     </span>
    </p>
   </div>
  </div>
 </body>
</html>
