2790 4792
362 192 618 248 HISTORIARUM
636 193 853 248 ALEXANDRI
871 194 933 265 VH,
951 201 976 250 9.
1218 196 1262 261 95

81 357 183 422 lorica
216 377 282 419 non
314 354 462 419 indutum
491 359 657 420 scutorum
689 356 853 421 testudine
886 357 1005 421 armati
1037 358 1263 443 protegebant

81 444 172 508 Idem
200 445 279 509 ordo
312 445 346 508 in
378 444 445 508 illis
479 465 606 528 quoque
633 444 774 527 ratibus,
808 467 890 530 quae
919 447 1060 530 equitem
1091 448 1299 532 vehebant,4

83 536 230 598 servatus
251 536 309 596 est.
346 531 453 596 Maior
475 555 552 616 pars
572 555 592 596 a
609 555 716 618 puppe
737 538 853 599 nantes
873 555 973 618 equos
997 535 1077 599 loris
1100 536 1263 602 trahebat.

82 622 129 686 At
152 621 242 704 illos,
266 643 346 705 quos
366 624 455 686 utres
475 625 653 686 stramento
675 622 794 705 repleti
811 623 987 706 vehebant,
1010 624 1156 688 obiectae
1174 628 1262 689 rates

82 710 267 775 tuebantur.
313 708 389 792 Ipse
416 732 473 774 rex
495 732 569 774 cum
598 710 730 775 delectis
759 711 884 793 primus
912 715 1017 776 ratem
1041 713 1141 777 solvit
1168 716 1202 777 et
1228 713 1298 783 ine

82 799 187 882 ripam
212 797 310 882 dirigi
336 798 440 863 iussit.
486 796 547 864 Oui
570 796 709 882 Scythae
734 799 882 865 admotos
906 800 1035 865 ordines
1060 804 1205 884 equitum
1228 801 1263 865 in

82 888 187 971 primo
211 888 301 970 ripae
324 887 470 971 margine
495 891 676 971 opponunt,
699 891 798 952 utne
823 888 980 972 adplicari
1004 888 1133 973 quidem
1155 893 1263 954 terrae

83 979 169 1040 rates
188 978 332 1059 possent.
369 974 521 1040 Ceterum
539 980 670 1059 praeter
687 975 771 1040 hano
791 977 931 1060 speciem
950 976 1030 1060 ripis
1048 978 1262 1060 praesidentis
1281 999 1298 1047 o

84 1065 258 1147 exercitus,
281 1064 396 1148 ingens
420 1064 611 1148 navigantes
634 1067 741 1130 terror
763 1065 940 1131 invaserat:
969 1087 1110 1150 namque
1134 1088 1264 1131 cursum

83 1152 334 1237 gubernatores,
362 1174 434 1216 oum
463 1153 596 1236 obliquo
624 1152 756 1218 flumine
784 1154 1029 1238 inpellerentur‚
1056 1174 1168 1239 regere
1197 1177 1264 1219 non

83 1244 237 1324 poterant
273 1242 529 1325 vacillantesque
561 1241 684 1307 milites
718 1246 762 1319 et,
793 1264 834 1306 ne
863 1245 1102 1327 excuterentur,
1130 1243 1264 1307 solliciti

83 1333 256 1394 nautarum
280 1330 461 1394 ministeria
483 1330 703 1395 turbaverant.
739 1329 790 1395 Ne
813 1331 881 1396 tela
905 1331 1033 1414 quidem
1057 1332 1164 1396 conati
1186 1332 1261 1396 nisu
1281 1353 1296 1402 7

83 1419 213 1483 vibrare
235 1422 399 1501 poterant,
423 1441 496 1484 oum
515 1418 606 1502 prior
625 1419 734 1483 standi
752 1420 822 1484 sine
845 1420 990 1503 periculo
1015 1442 1111 1505 quam
1132 1420 1261 1485 hostem

21 1566 25 1572 .
83 1507 266 1572 incessendi
285 1529 361 1572 cura
379 1511 474 1573 esset.
512 1507 689 1572 Tormenta
708 1508 808 1572 saluti
829 1507 973 1592 fuerunt,
996 1509 1114 1592 quibus
1136 1509 1171 1572 in
1189 1531 1264 1573 con·

84 1596 186 1660 fertos
211 1618 247 1660 ac
271 1600 392 1661 temere
417 1618 451 1660 se
474 1595 646 1660 offerentes
676 1595 762 1660 haud
787 1597 910 1661 frustra
933 1618 1068 1661 excussa
1091 1601 1167 1661 sunt
1189 1599 1264 1663 tela.

83 1684 223 1749 Barbari
246 1707 373 1769 qnoque
391 1685 559 1769 ingentem
577 1685 645 1748 vim
665 1684 861 1768 sagittarum
883 1684 1029 1768 iniudere
1048 1685 1175 1750 ratibus
1194 1685 1264 1750 vix·
1283 1709 1299 1757 8
1328 1743 1334 1750 ,

85 1795 146 1856 que
170 1773 274 1837 ullum
296 1774 361 1838 fuit
384 1778 526 1856 scutum,
548 1773 634 1857 quod
656 1794 724 1838 non
746 1773 893 1856 pluribus
918 1773 1014 1837 simul
1038 1773 1170 1856 spiculis
1194 1795 1264 1856 per·

28 1857 71 1929 37
85 1862 255 1926 foraretur.
288 1861 423 1946 Iamque
437 1865 544 1926 terrae
558 1865 647 1927 rates
662 1861 918 1944 adplicabantur‚
937 1882 1007 1925 cum
1025 1860 1109 1924 acies
1124 1861 1264 1944 clipeata

85 1951 255 2034 consurgit
274 1954 306 2015 et
328 1950 441 2015 hastas
465 1953 551 2014 certo
575 1951 656 2034 ictu,
679 1954 794 2033 utpote
817 1949 920 2013 libero
943 1949 1032 2032 nisu,
1055 1948 1157 2013 mittit
1176 1971 1193 2013 e
1211 1971 1262 2012 ra·
1282 1974 1297 2021 9

84 2040 181 2105 tibus.
218 2039 263 2104 Et
282 2042 320 2103 ut
336 2040 470 2104 territos
485 2038 743 2122 recipientesque
757 2059 857 2122 equos
872 2038 989 2122 videre,
1009 2038 1133 2102 alacres
1151 2039 1264 2102 mutua

85 2127 311 2192 adhortatione
339 2128 518 2192 interram
547 2127 705 2191 desiliere.
751 2126 904 2191 Turbatis
933 2126 1051 2191 acriter
1077 2125 1193 2209 pedem
1216 2126 1264 2188 in·
1284 2149 1317 2197 10

83 2217 169 2281 ferre
189 2222 373 2299 coeperunt.
413 2215 572 2300 Equitum
590 2216 705 2280 deinde
728 2219 869 2299 turmae,
893 2237 974 2299 quae
995 2215 1142 2279 frenatos
1165 2213 1265 2277 habe-

86 2306 166 2369 bant
186 2327 298 2389 equos,
312 2304 497 2389 perfregere
512 2304 724 2370 barbarorum
739 2305 855 2369 aciem:
875 2304 1006 2370 interim
1022 2303 1121 2368 ceteri
1136 2302 1265 2388 agmine

86 2394 310 2462 dimicantium
332 2394 413 2459 tecti
436 2397 589 2478 aptavere
614 2415 648 2458 se
670 2414 808 2477 pugnae.
845 2392 921 2476 Ipse
943 2415 1013 2476 rex,
1037 2392 1122 2476 quod
1140 2391 1264 2477 vigoris
1284 2417 1316 2465 11

86 2503 184 2566 aegro
213 2483 317 2547 adhuc
341 2484 469 2567 corpori
496 2482 620 2560 deerat,
648 2481 750 2546 animi
776 2481 932 2545 firmitate
961 2481 1144 2564 supplebat.
1190 2478 1265 2545 Vox

86 2570 291 2635 adhortantis
315 2593 382 2635 non
403 2575 533 2654 poterat
557 2570 661 2634 audiri
683 2570 829 2635 nondum
852 2568 933 2633 bene
956 2568 1097 2632 obducta
1116 2569 1265 2632 cicatrice

85 2661 232 2743 cervicis,
257 2660 313 2724 sed
336 2659 543 2742 dimicantem
567 2659 675 2723 cuncti
698 2658 861 2722 videbant.
906 2655 1019 2741 Itaque
1042 2656 1106 2740 ipsi
1136 2657 1264 2739 quidem
1285 2681 1318 2728 12

86 2749 205 2813 ducum
228 2749 449 2832 fungebantur
472 2746 580 2812 officio
599 2747 745 2829 aliusque
766 2746 868 2810 alium
891 2745 1056 2810 adhortati
1080 2745 1114 2807 in
1136 2743 1265 2808 hostem

87 2941 137 2994 das
155 2938 327 2995 Hintertheil
345 2940 394 2993 des
414 2937 531 2995 Schiffe's
550 2938 604 2994 ein.
618 2970 648 2980 ·-
703 2938 767 3008 Vgl
786 2938 918 3007 fibrigens
936 2939 991 2992 tela
1003 2937 1143 3006 (sapitas)
1161 2937 1266 2989 mittere

86 3013 211 3065 armati
241 3012 482 3081 nachgetragenes
514 3009 649 3080 Adjektiv
702 3011 818 3076 maiore,
843 3010 969 3064 liberiore
990 3009 1056 3062 aiau
1078 3013 1104 3062 8.
1130 3013 1154 3060 9.
1180 3012 1214 3060 28
1238 3024 1266 3060 u.

85 3101 119 3135 zu
137 3083 237 3151 reliqui
256 3108 290 3127 =
310 3077 392 3136 αὐτοὶ
411 3077 589 3151 ὡπλισμένοι.
703 3082 855 3146 untenstl.
884 3079 961 3134 Ganz
975 3078 1090 3134 ‘ahnlich
1104 3076 1266 3132 beschreibt

122 3158 147 3206 4.
172 3170 190 3206 α
208 3170 334 3223 puppe,
362 3171 396 3207 nu
418 3153 574 3208 verbinden
595 3152 650 3207 mit
703 3151 806 3205 Arrian
825 3151 879 3205 den
898 3150 1014 3205 Vorfall.
1195 3217 1200 3228 Ι

85 3224 232 3278 trahebant
255 3226 323 3279 loris
340 3224 366 3278 d.
385 3223 404 3279 i.
429 3225 495 3278 lmus
520 3241 533 3279 e
555 3225 649 3293 puppi
739 3227 764 3275 8.
783 3222 926 3276 barbari
943 3235 1068 3289 qaoque
1085 3220 1137 3274 etc.
1166 3218 1267 3271 D1eser

86 3295 170 3362 aptis,
188 3296 226 3350 ad
235 3296 356 3364 puppim
369 3296 649 3365 altipeta—utres
702 3307 790 3361 ganas
815 3291 980 3360 Peragraph
1011 3291 1050 3344 ist
1080 3289 1264 3355 Parenthese;

84 3366 224 3433 repleti,
243 3383 265 3420 s.
285 3371 309 3422 5.
331 3371 372 3420 17.
704 3361 931 3430 §9lini'ipftan
951 3366 966 3426 ς
985 3366 1000 3415 7
1020 3377 1063 3414 an.
1153 3429 1159 3441 ³

122 3440 146 3489 5.
158 3438 254 3505 ripae
268 3438 428 3505 marytres.
444 3435 649 3490 DieselbeVer-
741 3439 765 3488 9.
785 3434 888 3487 libero
907 3433 993 3486 aiau.
1030 3431 1087 3485 Das
1105 3429 1177 3485 frere
1196 3431 1266 3484 Aus-

87 3507 215 3577 bindung
232 3507 284 3562 hat
302 3509 376 3562 auch
394 3506 475 3562 ovid.
509 3505 649 3560 Classisch
704 3505 791 3559 holen
809 3520 868 3558 war
886 3504 944 3557 eret
965 3501 1091 3572 moglich
1108 3502 1183 3557 nach
1201 3502 1266 3555 dem

87 3578 171 3631 daftir
189 3594 240 3632 ora
259 3605 291 3624 =
311 3579 547 3633 Kfistensaum.
704 3575 872 3642 Aufstehem
899 3573 944 3628 bis
971 3573 1059 3628 dahin
1081 3574 1182 3628 hatten
1205 3572 1266 3627 sich

124 3655 148 3702 6.
168 3651 320 3719 speciem
339 3649 413 3704 hier:
442 3646 649 3704 ‘erechrecken-
706 3647 751 3702 die
775 3647 886 3716 elapsas·
912 3644 1006 3700 hinter
1028 3645 1110 3699 ihren
1134 3643 1267 3698 Schilden

86 3720 291 3776 dannblielr’.
313 3721 552 3775 Praesidcatis
562 3719 614 3774 wie
624 3725 651 3774 3.
705 3719 912 3787 verborgen-
927 3717 1081 3783 territos,
1099 3716 1183 3769 ntml.
1203 3715 1266 3769 bar·

88 3798 112 3844 1.
128 3797 175 3857 2ος
195 3798 219 3844 3.
240 3797 265 3844 4.
283 3797 298 3846 5
313 3810 340 3848 u.
355 3798 380 3847 ὅ.
397 3823 430 3831 -
445 3792 650 3861 e'apetlerea-
706 3790 794 3844 beroe.
822 3788 921 3842 Neben
938 3803 966 3842 ee
983 3789 1100 3855 recipere
1118 3802 1177 3839 war
1194 3785 1266 3838 auch

86 3868 143 3916 tar
161 3863 234 3916 nach
248 3863 404 3917 bekannter
417 3861 589 3930 Metonymie
606 3861 651 3914 fiir
705 3859 959 3927 recipcremilitem,
974 3859 1121 3913 wantum
1134 3873 1161 3910 u
1176 3854 1266 3923 dergl.
1336 3919 1339 3925 .

86 3950 170 3989 aava
188 3950 281 3988 eoram
298 3935 501 4002 depellerentur.
534 3933 651 4002 obliquo
705 3931 810 3985 dblich.

86 4006 212 4074 famiae,
237 4004 263 4059 d.
287 4003 306 4059 i.
330 4005 418 4059 durch
442 4005 487 4060 die
511 4004 650 4060 seitw'arts
742 4006 784 4056 10.
812 4017 894 4071 quae
921 4001 1074 4067 frenatos
1100 3995 1267 4050 habebant

87 4074 280 4146 andringende
300 4076 460 4146 Strdmung.
476 4105 510 4116 -
528 4079 651 4129 acata-
705 4072 732 4126 d.
758 4073 786 4126 h.
815 4071 943 4126 insoweit
971 4071 1011 4124 eie
1039 4067 1151 4148 bereits·
1170 4065 1266 4134 aufge-

87 4164 160 4202 rem
187 4148 388 4204 ministeria.
431 4147 508 4201 Ganz
536 4144 651 4200 ¹ahnlich
705 4144 801 4198 attumt
817 4143 924 4197 hatten.
961 4139 1014 4194 Die
1032 4139 1106 4194 noch
1123 4137 1204 4191 nicht
1222 4153 1266 4190 so·

87 4219 179 4273 Sache
197 4218 255 4273 und
273 4218 422 4274 Ausdruclr
436 4225 461 4272 4.
476 4224 501 4271 3.
518 4222 564 4282 183
585 4222 609 4271 9.
624 4220 649 4270 4.
705 4214 773 4270 weit
807 4210 1026 4281 lrampflertigen
1059 4208 1267 4292 §chwadronen

88 4297 130 4345 10.
164 4289 229 4358 Vgl.
249 4291 322 4344 auch
340 4290 406 4345 Tac.
425 4305 488 4343 ann.
508 4293 533 4342 2.
553 4293 596 4344 28.
705 4285 818 4341 werden
835 4283 888 4337 mit
905 4283 985 4336 ceteri
1003 4280 1173 4335 bezeichnet.

126 4368 150 4417 7.
162 4363 278 4416 conati
292 4378 312 4417 s.
325 4379 349 4415 v.
360 4377 386 4416 a.
401 4377 462 4415 cum
476 4363 650 4415 concreatae.
742 4363 783 4411 11.
804 4353 965 4410 cicatrice
983 4352 1131 4408 scrutata
1150 4368 1177 4403 a.
1187 4355 1284 4402 aaa.
