2790 4792
375 229 629 285 HISTORIARUM
647 229 864 285 ALEXANDRI
881 231 934 301 IV,
953 238 978 285 2.
1199 231 1263 296 113

82 414 187 457 cussa
209 392 307 475 mitti,
329 413 396 455 non
419 393 523 456 scalae
545 393 715 457 moenibus
739 394 892 477 adplicari
914 397 1079 477 poterant:
1109 416 1262 480 praeceps

87 481 124 545 in
148 483 252 545 salum
274 503 384 545 murus
407 481 554 564 pedestre
576 482 791 565 interceperat
812 483 887 546 iter:
919 504 1015 547 naves
1038 505 1098 548 nec
1120 483 1263 549 habebat

88 592 146 634 rex
170 574 214 653 et,
238 570 266 633 si
289 570 496 653 admovisset,
518 571 693 653 pendentes
717 574 750 634 et
771 571 939 635 instabiles
961 571 1137 636 missilibus
1161 574 1262 638 arceri

87 661 248 741 poterant.
294 658 384 722 Inter
410 680 490 743 quae
518 681 618 742 parva
646 659 733 723 dictu
760 681 810 723 res
834 659 1007 744 Tyriorum
1034 660 1184 725 fiduciam
1212 684 1262 727 ac·
1282 685 1316 733 ιο

80 747 206 812 ¹cendit.
243 745 558 831 Carthaginiensium
585 748 685 832 legati
713 747 753 810 ad
776 748 1000 813 celebrandum
1025 771 1150 813 sacrum
1173 752 1262 815 anni-

88 836 267 899 versarium
285 857 373 900 more
387 837 492 920 patrio
506 840 583 901 tunc
597 840 768 901 venerant:
793 838 910 922 qnippe
926 834 1156 922 Carthaginem
1169 838 1262 922 'l’yrii

88 925 313 1007 condiderunt,
337 946 463 1008 semper
484 928 654 1009 parentum
677 925 748 990 loco
772 925 859 990 culti.
904 925 1037 990 Hortari
1061 948 1138 1011 ergo
1160 926 1262 992 Poeni
1282 950 1313 998 11

88 1017 274 1096 coeperunt,
296 1017 333 1077 ut
356 1013 555 1078 obsidionem
577 1014 655 1078 forti
673 1014 781 1078 animo
800 1017 1001 1098 paterentur:
1024 1015 1113 1080 brevi
1127 1012 1261 1081 Cartha·

88 1101 165 1185 gine
193 1102 312 1165 auxilia
334 1105 478 1167 ventura.
521 1101 668 1188 Namque
692 1125 730 1167 ea
752 1106 944 1187 tempestate
967 1124 1085 1188 magna
1108 1125 1147 1168 ex
1169 1108 1261 1188 parte

87 1190 218 1255 Punicis
243 1191 398 1255 classibus
422 1191 523 1255 maria
546 1191 784 1256 obsidebantur.
819 1191 924 1276 Igitur
946 1192 1031 1256 bello
1054 1192 1181 1257 decreto
1204 1215 1313 1278 perus

87 1301 198 1343 muros
221 1282 388 1363 turresque
411 1282 574 1344 tormenta
597 1280 781 1364 disponunt,
804 1294 894 1344 arma
912 1281 1090 1345 iunioribus
1105 1281 1261 1365 dividunt,

87 1367 228 1451 opifices,
251 1390 387 1451 quorum
410 1370 501 1452 copia
524 1369 600 1433 urbs
623 1369 818 1453 abundabat,
841 1370 876 1432 in
895 1369 1041 1434 officinas
1056 1370 1261 1435 distribuunt.

88 1455 206 1521 Omnia
229 1457 305 1521 belli
329 1461 486 1540 apparatu
511 1461 672 1541 strepunt:
694 1459 817 1522 ferreae
841 1479 966 1542 quoque
989 1481 1104 1522 manus
1127 1495 1170 1505 ·-
1188 1459 1259 1524 har-

85 1566 233 1630 pagonas
256 1549 375 1610 vocant
399 1583 438 1592 -
464 1569 544 1631 quas
568 1547 719 1630 operibus
742 1547 885 1611 hostium
907 1547 1077 1631 inicerent,
1110 1549 1260 1633 corvique

85 1637 119 1697 et
150 1634 214 1698 alia
242 1635 370 1699 tuendis
398 1636 531 1699 urbibus
559 1636 741 1720 excogitata
768 1636 1051 1720 praeparabantur.
1098 1634 1160 1701 Sed
1188 1659 1261 1702 oum
1281 1658 1313 1707 13

84 1722 271 1787 fornacibus
293 1723 423 1807 ferrum,
447 1725 533 1808 quod
557 1725 669 1788 excudi
692 1725 871 1808 oportebat,
893 1724 1070 1808 inpositum
1090 1729 1183 1808 esset,
1206 1726 1260 1789 ad-

85 1811 247 1895 motisque
274 1811 405 1877 follibus
432 1813 542 1897 ignem
568 1813 647 1877 flatu
670 1812 894 1896 accenderent,
927 1813 1094 1896 sanguinis
1116 1813 1177 1877 rivi
1200 1815 1260 1877 sub

83 1900 165 1983 ipsis
188 1900 325 1964 flammis
348 1902 491 1965 extitisse
515 1901 677 1966 dicuntur:
700 1902 795 1986 idque
815 1923 910 1965 omen
928 1902 963 1964 in
981 1899 1194 1966 Macedonum
1213 1903 1260 1965 in-

83 1988 217 2052 teritum
246 1993 411 2054 verterunt
438 1989 536 2074 Tyrii.
581 1989 678 2075 Apud
704 1989 898 2054 Macedonas
926 2011 1052 2074 quoque
1080 2012 1153 2054 cum
1175 1991 1260 2055 forte
1280 2013 1314 2061 14

84 2099 204 2161 panem
228 2078 359 2162 quidam
380 2080 520 2143 militum
542 2079 745 2164 frangerent,
768 2080 932 2143 manantis
955 2079 1125 2163 sanguinis
1149 2082 1259 2164 guttas

84 2170 293 2251 notaverunt,
320 2168 494 2252 territoque
517 2189 592 2253 rege
615 2168 820 2251 Aristander,
847 2168 1062 2253 peritissimus
1085 2171 1209 2251 vatum,
1233 2169 1260 2232 si

84 2256 284 2320 extrinsecus
307 2278 402 2321 cruor
423 2257 581 2340 fluxisset,
603 2256 834 2322 Macedonibus
857 2257 891 2321 id
913 2258 1007 2320 triste
1030 2257 1175 2321 futurum
1197 2257 1259 2321 ait:

83 2347 208 2428 contra,
231 2365 303 2408 cum
327 2367 365 2408 ex
387 2346 539 2410 interiore
562 2350 653 2429 parte
677 2347 864 2428 manaverit,
888 2346 970 2425 urbi,
993 2367 1091 2429 quam
1114 2346 1259 2410 obsidere

79 2431 313 2516 destinassent,
346 2435 478 2498 exitium
509 2435 709 2519 portendere.
754 2434 938 2499 Alexander
967 2456 1039 2498 cum
1069 2437 1101 2498 et
1124 2436 1259 2499 classem
1279 2457 1311 2505 15

120 2630 162 2679 10.
177 2626 265 2679 inter
282 2644 373 2696 quae,
391 2627 464 2680 Einl.
480 2632 550 2692 §.20
561 2627 644 2680 unter
696 2645 759 2680 num
782 2626 887 2680 Entern
908 2625 1075 2680 feindlicher
1094 2623 1205 2677 Sehiffe.
1225 2657 1258 2665 -

79 2696 179 2749 inter.
214 2727 247 2734 —
275 2714 385 2766 parva
403 2699 496 2752 dictu
514 2713 565 2751 res
589 2697 643 2751 wie
697 2692 1259 2764 corui,=adquessbeiDiod.Brech-

82 2765 144 2821 Liv.
164 2772 189 2820 ὅ.
208 2769 454 2823 4t.8remdieta
469 2785 643 2837 pastuum—
697 2770 842 2838 stangan
874 2769 927 2822 mit
957 2767 1066 2822 Haken.
1098 2797 1134 2806 -
1175 2768 1259 2821 atio

81 2838 323 2905 condiderunt,
349 2840 417 2894 bald
439 2840 512 2894 nach
530 2845 589 2894 900.
610 2850 643 2880 '-
754 2841 955 2908 excopituta.
980 2839 1073 2893 Ueber
1090 2837 1136 2893 die
1153 2837 1259 2908 vtllige

79 2910 167 2962 culti
186 2934 220 2954 =
238 2912 286 2979 qui
302 2912 362 2966 ideo
381 2912 546 2965 colebantur.
698 2910 946 2980 Substantivirung
963 2927 1020 2965 von
1038 2910 1097 2964 olio
1115 2926 1135 2963 s.
1151 2909 1224 2964 oben
1235 2915 1258 2976 §-

119 2985 160 3033 11.
180 2997 217 3034 ea
235 2986 437 3051 tempestate,
455 2982 509 3037 wie
529 2989 552 3036 3.
574 2987 597 3036 1.
618 2987 642 3034 2.
697 2989 725 3049 8;
745 2983 815 3037 tiber
828 2982 883 3037 den
897 2982 1022 3058 datqger.
1037 2999 1057 3035 s.
1073 2979 1145 3034 Einl.
1159 2986 1257 3045 §.28e

118 3056 160 3105 12.
180 3069 289 3106 muros
307 3058 482 3123 turresque
500 3052 554 3107 wie
573 3058 596 3118 ἓ.
614 3059 641 3119 9;
733 3060 774 3107 13.
802 3054 879 3107 riui.
916 3052 980 3108 Von
1002 3053 1136 3133 Birt-uu.
1159 3051 1260 3133 lJeuer-

695 3121 1259 3273 subsistitis

80 3263 292 3320 beziehendlich
311 3267 361 3320 auf
376 3267 431 3321 den
450 3267 641 3321 Tht'irmen.—
696 3265 796 3320 saiker.
812 3296 845 3304 —
864 3270 1036 3320 verterant
1057 3264 1107 3316 ‘s1e
1126 3262 1259 3317 deuteten

79 3335 258 3402 dividunt,
282 3337 335 3391 wie
354 3354 435 3407 apros
452 3338 556 3391 auibus
574 3338 642 3391 divi·
696 3353 725 3391 es
743 3336 813 3405 auf’,
836 3336 890 3390 wie
908 3341 1008 3390 emere
1026 3351 1082 3388 rem
1099 3335 1131 3386 iu
1149 3335 1259 3400 crimea

79 3406 142 3460 dere
155 3406 203 3461 bei
217 3406 273 3464 Cic.
288 3438 322 3447 —
340 3410 490 3476 opifices.
508 3408 644 3462 Berfihmt
696 3409 853 3476 retiyioaem
880 3405 979 3475 (Lis),
1011 3407 1043 3458 iu
1070 3407 1259 3460 eeatwnetiom

79 3494 174 3532 waren
192 3478 279 3532 sehon
296 3478 325 3532 in
344 3478 641 3547 alterZeit(s.d.B1'1-
695 3478 802 3548 (Caes).
839 3477 955 3531 Andern
973 3476 1043 3530 Sinn
1060 3476 1123 3530 hat:
1142 3493 1184 3530 res
1201 3493 1258 3531 ver-

79 3548 150 3604 eher,
168 3549 218 3604 der
235 3549 344 3619 Konige
364 3557 387 3606 1.
408 3556 431 3604 5.
451 3552 477 3618 6)
506 3549 551 3604 die
572 3549 640 3618 tyri-
694 3552 786 3617 tit(ur)
813 3550 845 3602 ia
874 3565 950 3602 sowa
973 3573 1007 3593 =
1026 3547 1165 3617 schltgt
1192 3566 1258 3617 aus,

78 3619 163 3674 sohen
182 3620 318 3675 Arbeiten
340 3621 370 3674 in
387 3620 499 3688 Maian,
528 3619 641 3675 Steinen
694 3620 862 3691 gestaltet
879 3619 954 3673 sich
971 3638 1009 3673 zu
1028 3620 1079 3674 etc.
1232 3625 1235 3630 “

77 3690 135 3743 und
148 3691 227 3760 Holz,
246 3710 279 3746 zu
297 3693 423 3747 walchen
441 3693 536 3761 spiter
552 3691 598 3746 die
611 3692 642 3746 in
731 3697 773 3744 14.
792 3691 999 3745 Aristander
1016 3690 1145 3744 eusdem
1158 3688 1259 3743 Wahr-

79 3758 145 3815 Glas
164 3763 275 3817 kumen.
305 3795 337 3803 —
365 3764 640 3831 coptu...ubua-
695 3763 835 3831 sagerorte
855 3761 1007 3816 Telmissus
1026 3760 1055 3814 in
1073 3759 1209 3826 Pisidiam
1227 3757 1259 3811 in

78 3831 197 3899 debat,
215 3833 269 3887 wie
289 3841 330 3888 10.
351 3840 397 3902 13,
417 3832 533 3898 Quintil.
554 3840 596 3888 12.
615 3840 640 3887 4.
694 3834 787 3887 hohen
805 3832 899 3886 Ehren
917 3831 964 3886 bei
982 3831 1062 3886 Alex.
1082 3830 1211 3896 stehend‚
1236 3847 1258 3883 s.

80 3909 107 3969 13
144 3906 225 3972 copia
256 3905 294 3958 ist
323 3905 364 3959 als
390 3922 446 3959 vox
472 3904 566 3959 media
593 3922 640 3975 ge·
695 3905 766 3959 auch
790 3910 813 3958 5.
833 3909 858 3957 4.
879 3910 903 3957 2.
924 3934 958 3943 -
986 3904 1153 3970 futurum,
1172 3900 1257 3953 n‘aml.

76 3973 211 4045 braucht,
243 3975 299 4031 fast
328 3976 423 4046 gleich
453 3993 574 4031 aaowro.
607 4007 642 4016 -
695 3976 779 4042 fuisse
794 4001 827 4021 =
841 3972 981 4044 γενέσθαι
999 3969 1044 4028 ἄν.
1082 3971 1258 4025 Eatriase·

77 4046 294 4116 barpepoaas
312 4073 346 4093 =
360 4063 460 4102 asseres
477 4047 552 4114 ferro
570 4063 641 4101 amco
695 4063 751 4100 cas
764 4049 846 4115 fluere
861 4045 914 4101 soll
927 4045 1004 4099 wohl
1017 4043 1168 4124 bedenten:
1188 4058 1259 4094 aus-

75 4119 197 4184 praedat
219 4119 292 4172 nach
311 4118 432 4174 Lisso
454 4125 494 4174 16.
516 4125 557 4173 16.
595 4118 640 4172 Sic
695 4135 752 4172 sen
769 4114 1257 4173 amBrote·herabfl1essen.-

77 4188 190 4244 werden
208 4190 378 4244 anderwtrts
396 4207 452 4244 von
465 4190 521 4245 den
538 4190 642 4257 ferreae
695 4191 884 4243 messuerit
900 4188 992 4243 neben
1010 4186 1215 4240 destinasset
1236 4202 1257 4237 s.

77 4275 176 4314 manus
204 4260 315 4329 (Haken
340 4278 376 4316 an
400 4261 516 4331 Ketten)
548 4263 641 4314 unter-
694 4258 767 4314 Einl.
787 4265 810 4325 §-
829 4266 862 4314 31
877 4260 904 4313 h.
1136 4325 1142 4336 ι

77 4330 222 4402 sehieden,
240 4349 270 4386 so
290 4331 366 4386 Caes.
385 4332 412 4386 b.
432 4349 456 4386 e.
477 4340 500 4388 1.
520 4338 562 4387 57.
595 4331 640 4385 Je-
732 4336 773 4385 15.
791 4330 914 4400 procul
931 4329 1080 4393 liaberet,
1107 4342 1160 4379 wie
1179 4331 1259 4380 estro

77 4400 197 4456 denfalls
220 4402 333 4458 dienten
354 4403 437 4458 beide
456 4403 640 4458 Instrumenta
693 4407 790 4456 sortem
805 4401 958 4456 ...bebere
984 4404 1008 4452 3.
1027 4404 1062 4452 20
1090 4397 1162 4452 nach
1183 4397 1259 4486 Ana-

130 4502 228 4553 Voorn,
242 4500 268 4552 Q.
283 4502 379 4543 Curuus.
393 4502 413 4541 1.
441 4503 461 4542 2.
476 4501 536 4542 Aufl.
1026 4493 1043 4542 8
