2790 4792
351 242 605 299 HISTORIARUM
622 243 840 299 ALEXANDRI
858 246 909 313 lV,
928 251 953 298 4.
1174 245 1237 310 123

64 405 223 469 vestibulo
248 428 378 470 suarum
402 407 536 491 quisque
560 407 686 471 aedium
710 408 852 492 stabant,
883 413 997 492 parata
1021 410 1237 473 saevientibus

64 494 168 558 turba.
205 492 317 558 Multis
340 498 450 559 tamen
474 497 569 559 saluti
592 496 681 559 fuere
697 494 829 579 Sidonii,
852 497 906 580 qui
924 498 1010 560 intra
1024 496 1237 562 Macedonum
1257 519 1289 566 15

62 582 224 668 praesidia
251 588 351 648 erant.
397 583 442 647 Hi
469 584 581 648 urbem
610 584 737 668 quidem
760 585 845 647 inter
868 585 1005 649 victores
1028 587 1237 669 intraverant,

63 672 118 736 sed
142 673 345 756 cognationis
369 694 441 736 cum
457 672 562 756 Tyriis
581 694 738 736 memores
752 709 795 718 —
810 673 927 757 quippe
942 676 1111 758 utramque
1125 674 1237 738 urbem

61 761 247 844 Agenorem
281 761 461 825 condidisse
494 761 667 849 credebant
703 798 745 807 -
783 762 902 825 multos
934 761 1117 846 Tyriorum,
1154 764 1237 827 clam

61 852 277 933 protegentes,
301 850 340 912 ad
366 872 423 913 sua
446 850 622 933 perduxere
645 849 785 934 navigia,
808 850 924 933 quibus
944 851 1096 915 occultati
1116 849 1237 915 Sidona

62 938 187 1001 devecti
224 942 307 1002 sunt.
352 957 398 1001 xv
427 939 516 1002 milia
552 939 614 1004 hoc
650 937 735 1002 furto
774 938 930 1002 subducta
967 939 1119 1003 saevitiae
1152 943 1237 1004 sunt.

63 1025 288 1110 Quantumque
312 1028 479 1111 sanguinis
502 1028 610 1091 fusum
634 1027 689 1110 sit,
716 1028 766 1090 vel
789 1049 828 1090 ex
850 1027 912 1091 hoc
936 1029 1098 1091 aestimari
1120 1031 1236 1110 potest,
1257 1048 1289 1096 rc

62 1115 148 1198 quod
171 1116 257 1178 intra
279 1116 480 1179 munimenta
503 1116 592 1180 urbis
610 1134 646 1179 1⁷1
661 1116 749 1179 milia
768 1120 965 1180 armatorum
979 1116 1138 1180 trucidata
1152 1120 1237 1181 sunt.

61 1203 168 1267 Triste
193 1203 306 1267 deinde
331 1207 547 1288 spectaculum
570 1205 746 1269 victoribus
769 1205 817 1268 ira
839 1204 988 1288 praebuit
1010 1206 1103 1290 regis.
1130 1224 1156 1289 11
1178 1206 1288 1277 mi-17

60 1293 118 1375 lia,
151 1293 186 1354 in
213 1292 329 1375 quibus
353 1294 534 1358 occidendis
558 1293 718 1357 defecerat
741 1293 859 1377 rabieS,
892 1294 1037 1357 crucibus
1061 1295 1157 1358 adfixi
1180 1316 1237 1378 per

60 1381 177 1465 ingens
205 1381 308 1445 litoris
338 1383 477 1465 spatium
503 1382 734 1466 pependerunt.
780 1380 1098 1467 Carthaginiensium
1120 1384 1236 1468 legatis
1256 1408 1290 1456 18

59 1469 205 1552 pepercit
236 1470 345 1533 addita
373 1471 616 1536 denuntiatione
649 1471 737 1555 belli,
770 1472 855 1555 quod
885 1472 1103 1555 praesentium
1129 1493 1237 1536 rerum

59 1558 234 1621 necessitas
258 1564 445 1624 moraretur.

10 1632 51 1695 20
151 1646 253 1728 Tyros
278 1649 414 1731 septimo
439 1670 556 1732 mense,
580 1670 677 1733 quam
700 1648 882 1732 oppugnari
906 1652 1019 1731 coepta
1042 1652 1119 1732 erat,
1143 1652 1237 1731 capta
1257 1673 1288 1721 19

61 1740 124 1818 est,
153 1735 229 1798 urbs
260 1740 292 1799 et
314 1741 474 1801 vetustate
499 1738 633 1822 originis
657 1741 690 1800 et
712 1736 823 1800 crebra
845 1736 994 1800 fortunae
1017 1737 1173 1800 varietate
1196 1736 1237 1799 ad

61 1825 250 1888 memoriam
272 1826 471 1908 posteritatis
495 1826 642 1910 insignis
676 1823 813 1889 Condita
837 1824 877 1888 ab
892 1825 1041 1909 Agenore
1065 1825 1119 1888 diu
1140 1847 1237 1908 mare,

60 1936 128 1977 non
151 1913 292 1976 vicinum
315 1915 425 1996 modo,
449 1915 504 1978 sed
528 1914 749 1998 quodcumque
773 1915 891 1977 classes
915 1914 983 1977 eius
1006 1913 1167 1995 adierunt,
1192 1912 1236 1975 di-

61 2002 163 2066 cionis
190 2023 266 2065 suae
288 2002 375 2066 fecit.
411 2003 464 2087 Et,
488 2003 515 2067 si
537 2003 643 2067 famae
666 2002 745 2066 libet
768 2002 905 2086 credere,
925 2000 1005 2065 haec
1020 2023 1099 2087 gens
1112 2002 1237 2066 litteras

61 2091 167 2174 prima
196 2095 252 2154 aut
279 2091 387 2155 docuit
415 2095 472 2156 aut
495 2092 612 2156 didicit.
659 2089 812 2156 Coloniae
835 2094 920 2155 certe
944 2091 1012 2155 eius
1034 2112 1136 2174 paene
1160 2091 1237 2156 orbe

60 2182 132 2243 toto
166 2179 298 2244 diffusae
332 2185 421 2244 sunt:
459 2179 621 2265 Carthago
654 2180 688 2243 in
715 2178 840 2263 Africa,
871 2180 906 2243 in
937 2178 1072 2244 Boeotia
1098 2179 1237 2263 Thebae,

62 2267 169 2332 Gades
194 2268 234 2331 ad
255 2268 426 2333 Oceanum.
463 2267 566 2334 Credo
589 2270 690 2333 libero
714 2273 920 2333 conmeantes
943 2269 1024 2332 mari
1048 2270 1236 2353 saepiusque
1255 2291 1290 2340 eo

63 2357 210 2420 adeundo
234 2359 348 2421 ceteris
370 2359 552 2443 incognitas
575 2362 677 2422 terras
701 2358 836 2442 elegisse
860 2358 950 2421 sedes
972 2358 1145 2441 iuventuti,
1174 2380 1237 2441 qua

60 2450 140 2509 tunc
164 2446 381 2530 abundabant,
406 2448 472 2510 sive
496 2448 572 2531 quia
595 2447 713 2511 crebris
736 2445 878 2510 motibus
901 2454 1004 2509 terrae
1020 2483 1061 2491 —
1076 2446 1236 2511 namhoc

62 2556 190 2618 quoque
217 2536 356 2599 traditur
379 2572 420 2581 —
445 2537 583 2600 cultores
612 2536 680 2599 cius
707 2534 837 2619 fatigati
864 2556 949 2599 nova
972 2538 1004 2598 et
1026 2539 1157 2598 externa
1180 2534 1235 2598 do-

60 2623 181 2687 micilia
205 2624 301 2686 armis
325 2624 453 2688 sibimet
476 2645 627 2708 quaerere
650 2623 855 2708 cogebantur.
891 2622 1003 2686 Multis
1017 2642 1093 2706 ergo
1108 2622 1235 2686 casibus
1255 2643 1287 2691 21

99 2785 142 2834 15.
160 2781 255 2833 intro
269 2781 450 2848 praesidia
468 2797 542 2853 esee,
560 2783 581 2834 t.
600 2782 621 2833 t.
677 2805 710 2824 =
729 2779 833 2832 bunte
852 2778 1099 2834 Wechselfalle
1117 2778 1164 2833 bei
1179 2777 1234 2833 Cic·
1285 2792 1289 2797 ·

61 2851 107 2904 fiir
140 2850 185 2904 die
214 2852 365 2905 auxiliares
395 2850 436 2910 im
464 2851 622 2906 romischen
675 2869 703 2920 p.
722 2851 804 2905 Arch.
824 2857 866 2904 21.
887 2882 920 2889 -
947 2851 1109 2919 insignis,
1133 2850 1235 2904 ebenso

60 2923 159 2975 Hccre.
180 2952 213 2961 —
232 2922 369 2991 devecti,
389 2924 496 2991 spater,
516 2923 557 2977 als
576 2923 621 2976 die
675 2921 729 2975 mit
747 2923 784 2976 ad
802 2921 963 2975 verbunden
982 2927 1005 2976 9.
1018 2927 1122 2976 c.1.-
1142 2927 1234 2990 certe,

60 2993 156 3047 Flotte
175 2992 357 3047 heimlrehrte.
678 2992 910 3062 ‘jedenfalls',
942 2993 983 3046 im
1015 2992 1170 3062 Gegcnsatz
1201 3011 1236 3046 zu

99 3069 139 3116 17.
155 3065 325 3131 inquibus
340 3063 503 3146 cigentlich:
522 3064 621 3119 inBe-
676 3063 725 3118 der
744 3063 929 3133 angefi'ihrten
948 3063 1095 3133 streitigen
1111 3063 1210 3133 Frage.

60 3133 153 3202 treff,
172 3133 426 3188 ri'iclrsichthch
444 3136 550 3203 derer,
568 3135 622 3189 wie
712 3141 754 3190 20.
770 3139 984 3202 conmeantes,
1000 3134 1235 3201 ‘kreuzend',vvie

62 3212 87 3258 3.
106 3212 131 3258 4.
153 3211 194 3258 10.
231 3205 288 3259 Das
315 3204 440 3274 Particip
468 3208 622 3261 occidendis
676 3212 701 3258 ὁ.
723 3213 745 3260 1.
765 3212 799 3260 25
818 3223 873 3259 von
892 3204 1063 3259 ancirander
1078 3204 1235 3258 vorbeifah-

61 3275 99 3329 ist
118 3301 151 3320 =
166 3293 227 3329 cum
245 3277 385 3330 occidendi
403 3283 487 3331 essent
506 3277 560 3331 di.
581 3277 621 3331 als
674 3275 779 3330 renden
806 3275 924 3346 Wagen.
951 3305 984 3314 —
1017 3276 1124 3329 libero
1149 3277 1236 3330 mari

63 3364 100 3399 an
118 3346 157 3401 sie
177 3346 223 3400 die
237 3346 325 3402 Reihe
344 3347 394 3401 der
406 3347 622 3418 Hinmetzelung
676 3372 709 3391 =
730 3346 780 3400 auf
796 3346 859 3400 dem
873 3346 982 3400 offenen
995 3344 1080 3412 Mem,
1100 3345 1152 3400 wic
1171 3347 1235 3400 libe·

61 3418 136 3472 kam.
172 3419 337 3472 Uebersetze
355 3417 419 3472 frei:
441 3418 557 3472 ‘welche
575 3419 621 3473 die
675 3419 734 3472 rior
762 3434 834 3486 aqua
861 3416 891 3469 in
919 3416 1059 3486 gleichem
1081 3415 1166 3471 Sinne
1188 3417 1236 3472 bei

62 3488 200 3542 erlahmte
218 3488 357 3543 Mordlust
379 3489 537 3559 (vorltufig)
560 3507 621 3544 ver·
676 3487 800 3543 Ovid-
820 3489 1131 3565 iuuentuti....sc'ce
1145 3491 1235 3558 quia,

61 3559 160 3613 schont
187 3560 288 3615 hatte'.
330 3560 450 3627 Deficere
478 3586 512 3605 =
540 3554 621 3615 ἄπει·
674 3559 836 3627 inconcinn,
859 3558 913 3613 wie
943 3565 983 3613 12.
1011 3565 1043 3614 18
1075 3560 1131 3614 sice
1155 3565 1235 3625 mdc,

60 3637 134 3698 πεῖν,
154 3625 518 3700 defecisse=ciuerqqne¹vec
529 3631 622 3687 haben
674 3631 731 3685 sice
753 3632 835 3700 quia·
867 3636 890 3685 9.
917 3637 975 3684 1.3
1004 3631 1081 3684 ccidi
1154 3633 1236 3685 amiel

62 3702 134 3754 auch
154 3701 199 3754 die
215 3701 366 3769 Classiker;
386 3701 416 3757 O.
435 3703 554 3757 braucht
572 3704 621 3758 das
675 3703 750 3770 quic.

61 3771 145 3826 Wort
163 3772 285 3826 vielfach
309 3790 347 3829 so.
381 3773 424 3844 [In
442 3774 492 3828 der
512 3783 534 3828 1.
553 3775 621 3829 Auf-
711 3779 753 3826 21.
772 3777 903 3840 renata,
922 3771 971 3825 das
986 3773 1068 3825 Wort
1085 3773 1171 3826 sehon
1189 3772 1235 3825 bei

61 3843 138 3912 lage:
167 3845 306 3898 occidendi
324 3845 414 3899 rabies
434 3845 506 3899 nach
525 3847 622 3901 edendi
674 3843 770 3898 Livius
805 3861 870 3898 vom
899 3842 1145 3896 Wiederauflebcn
1180 3859 1235 3896 von

60 3916 151 3968 rabies
168 3915 215 3968 bei
233 3914 344 3986 Virgil]
366 3947 399 3955 —
419 3917 534 3982 affici.
559 3916 622 3971 Von
676 3915 801 3970 Staaten.
827 3914 919 3968 Sohon
938 3920 989 3967 315
1008 3930 1067 3975 vvar
1082 3912 1113 3965 T.
1132 3912 1236 3965 vvieder

62 3984 153 4039 dieser
185 3984 382 4041 Grausamlreit
413 3987 493 4040 vveiss
520 3987 621 4041 Arrian
675 3986 714 4040 im
738 3986 856 4054 stende,
890 3985 936 4038 die
964 3989 996 4037 15
1014 3982 1129 4037 Monate
1151 3983 1234 4052 lange

61 4056 164 4122 nichts,
183 4058 250 4113 aber
267 4058 372 4112 Diodor
389 4056 447 4110 und
464 4059 557 4111 Jus'tin
575 4058 622 4112 be·
676 4057 852 4128 Belagerung
866 4056 915 4110 des
924 4053 1081 4124 Antigonus
1092 4053 1234 4107 ausmhal-

61 4128 172 4182 richten
186 4129 311 4183 dasselbe
325 4128 378 4182 vie
393 4127 511 4184 Curtius.
531 4128 622 4183 Ueber
675 4130 731 4182 ten.
751 4158 784 4167 -
804 4130 905 4196 longa
918 4142 1010 4194 pace.
1047 4123 1111 4178 Von
1131 4130 1234 4178 17-43

62 4201 152 4266 adfici
169 4199 215 4253 fiir
229 4200 324 4265 adfice
343 4197 445 4254 sEinl.
460 4205 483 4264 ἕ.
495 4206 538 4254 25.
557 4199 621 4268 Vgl.
675 4215 701 4251 n.
722 4196 785 4250 Chr.
804 4214 862 4251 war
884 4214 939 4251 von
958 4195 1012 4249 den
1029 4194 1153 4248 Romern
1169 4195 1236 4249 kein

61 4269 305 4324 Weissenborn
323 4288 356 4323 zu
373 4270 434 4324 Liv.
454 4277 497 4324 27.
519 4278 559 4326 16.
579 4277 602 4324 7.
674 4266 762 4337 Krieg
789 4267 903 4338 gefflhrt
927 4266 1052 4332 worden,
1082 4265 1131 4319 der
1154 4265 1236 4321 einen

99 4348 139 4396 19.
161 4342 300 4410 septimo
318 4356 435 4410 mense,
467 4342 545 4395 Ende
563 4339 622 4393 Juli
674 4345 819 4408 grosseren
833 4337 916 4391 Theil
934 4337 982 4391 des
1000 4335 1158 4391 romischen
1171 4337 1236 4391 Rei-

62 4419 167 4466 332-
186 4413 315 4497 crebra,
333 4411 488 4482 ngmreltc
501 4413 620 4466 carietes
675 4410 740 4463 ches
775 4409 806 4462 in
841 4406 1080 4462 Mitleidenschaft
1115 4410 1236 4462 versetzt
