2790 4792
377 241 632 296 HISTORIARUM
649 241 864 297 ALEXANDRI
882 244 930 310 111,
950 249 975 298 8.
1234 242 1277 308 87

90 404 184 468 nenti
211 402 358 468 incendio
387 403 498 468 ardere
526 404 609 490 visa,
642 426 715 468 cum
742 404 908 468 incondita
936 405 1112 469 multitudo
1136 406 1275 471 maxime

91 496 229 576 propter
257 491 402 556 iumenta
431 492 535 557 laxius
561 493 718 557 tenderet.
762 492 875 576 Itaque
905 515 942 557 eo
967 493 1039 576 ipsc
1063 493 1136 561 loco
1159 495 1276 559 metari
1297 518 1330 564 rs

92 602 171 646 suos
203 584 311 645 castra
340 581 495 664 iusserat,
526 581 646 664 laetus,
679 579 765 665 quod
792 581 881 645 omni
909 582 1089 665 expetierat
1118 585 1210 667 roto,
1241 584 1277 646 in

90 669 159 734 illis
182 669 391 752 potissimum
414 670 573 754 angustiis
592 668 828 734 decernendum
845 668 924 734 fore.
953 667 1115 754 Ceterum,
1137 673 1175 734 ut
1194 672 1277 736 solet
1296 695 1341 741 aa·

91 758 174 842 fieri,
198 779 271 822 cum
292 757 401 821 ultimi
424 757 620 822 discriminis
638 760 768 840 tempus
788 756 950 842 adventat,
973 757 1008 821 in
1026 758 1276 823 sollicitudinem

91 867 190 911 versa
215 845 335 910 fiducia
363 849 421 910 est.
466 845 562 910 Illam
584 846 691 930 ipsam
713 846 893 930 fortunam7
927 868 991 930 qua
1015 846 1201 931 adspirante
1225 870 1276 912 res

91 939 162 999 tam
185 954 340 1017 prospere
364 937 525 1019 gesserat,
547 935 722 999 verebatur
743 956 802 998 nec
825 934 944 998 iniuria
968 957 1007 999 ex
1028 934 1091 1020 his,
1114 957 1195 1020 quae
1218 937 1275 999 tri-

91 1024 223 1087 buisset
246 1022 317 1106 sibi,
340 1045 439 1106 quam
461 1022 629 1087 mutabilis
654 1027 750 1106 esset,
772 1023 961 1106 reputabat:
984 1046 1084 1088 unam
1107 1045 1275 1106 superesse

89 1114 237 1194 noctem,
268 1132 351 1196 quae
381 1112 469 1175 tanti
501 1111 694 1175 discriminis
727 1114 910 1176 moraretur
939 1115 1098 1176 eventum.
1150 1111 1275 1177 Rursus
1295 1135 1324 1182 ai

91 1200 299 1284 occurrebat,
330 1200 456 1264 maiora
483 1200 636 1283 periculis
664 1200 811 1283 praemia
838 1203 884 1283 et,
916 1200 1002 1264 sicut
1025 1201 1157 1265 dubium
1180 1205 1276 1285 esset,

91 1310 138 1352 an
160 1289 312 1372 vinceret,
334 1288 383 1351 ita
399 1287 481 1353 illud
494 1288 606 1372 utique
623 1291 747 1353 certum
766 1309 846 1373 esse,
868 1288 1011 1352 honeste
1022 1292 1054 1353 et
1069 1311 1141 1354 cum
1156 1310 1276 1375 magna

91 1377 190 1441 laude
218 1376 420 1441 moritmum.
465 1376 579 1461 ltaque
603 1386 741 1461 corpor'a
763 1377 883 1441 milites
908 1399 1020 1441 curare
1043 1377 1139 1442 iussit
1162 1401 1199 1442 ac
1222 1378 1274 1442 de·
1295 1400 1327 1447 22

91 1465 169 1528 inde
197 1465 295 1529 tertia
322 1465 435 1550 vigilia
457 1465 634 1530 instructos
659 1469 692 1529 et
715 1468 858 1529 armatos
882 1487 962 1530 esse.
1007 1464 1083 1548 Ipse
1105 1466 1141 1530 in
1162 1466 1275 1550 iugum

92 1553 173 1617 editi
205 1553 327 1617 montis
359 1553 503 1618 escendit
534 1554 709 1638 multisque
741 1553 984 1618 conlucentibus
1012 1554 1138 1618 facibus
1166 1555 1274 1637 patrio

92 1663 186 1706 more
219 1641 413 1706 sacnticiurn
441 1642 489 1706 dis
518 1642 722 1725 praesidibus
752 1641 817 1707 loci
844 1641 930 1706 fecit.
974 1640 1108 1726 Iamque
1132 1643 1275 1727 tertium,
1295 1665 1328 1712 23

92 1731 180 1795 sicut
210 1734 419 1815 praeceptum
449 1734 532 1814 erat,
565 1731 694 1815 signum
721 1730 802 1794 tuba
829 1728 924 1793 miles
953 1734 1136 1814 acceperat,
1168 1731 1276 1795 itineri

91 1819 194 1883 simul
220 1822 355 1901 paratus
382 1841 421 1884 ac
452 1819 593 1902 proelio:¹
628 1822 819 1902 strenueque
847 1818 929 1881 iussi
951 1818 1125 1900 procedere
1149 1819 1275 1883 oriente

92 1908 166 1972 luce
201 1911 418 1990 pervenerunt
454 1906 495 1970 ad
531 1908 714 1993 angustias,
751 1929 831 1990 quas
869 1927 1025 1990 occupare
1058 1905 1275 1971 decreverant.

93 1995 240 2060 Dareum
261 2013 333 2059 m
361 1995 436 2060 inde
467 1996 573 2060 stadia
601 1997 715 2060 abesse
742 1994 914 2079 praemissi
942 1994 1141 2059 indicabant.
1186 1994 1276 2060 Tunc
1294 2018 1328 2066 aa

94 2085 274 2150 cmsistere
297 2104 415 2169 agmen
437 2085 528 2149 iubet
550 2085 712 2169 armisque
734 2084 804 2168 ipse
829 2085 966 2166 sumptis
991 2084 1093 2148 aciem
1117 2084 1253 2173 ordinat.

36 2177 58 2212 o
588 2173 594 2186 .
739 2173 745 2186 .
773 2173 779 2186 .
1045 2172 1051 2184 .
1246 2172 1252 2185 .

37 2176 83 2238 ‘2
96 2171 1276 2346 ...1detentatintestinus.{sititis}
1295 2282 1328 2329 a,

93 2372 162 2415 non
191 2349 362 2414 mediocris
390 2350 535 2414 omnium
558 2351 685 2414 animos
707 2350 831 2415 incessit
852 2348 992 2413 formido
1016 2386 1059 2395 -
1083 2349 1201 2434 quippe
1224 2349 1275 2413 iti·

94 2437 167 2502 neri
189 2458 284 2519 paam
306 2438 429 2521 proelio
454 2437 596 2522 aptiores
620 2442 771 2503 erant-
785 2437 967 2521 raptimque
988 2459 1080 2501 arma
1095 2437 1276 2520 capiebant.

96 2525 160 2591 Sed
187 2527 262 2609 ipsa
288 2526 455 2590 festinatio
479 2526 727 2590 discurrentium
750 2547 890 2609 suosque
913 2524 955 2588 ad
977 2547 1068 2589 arma
1089 2526 1275 2590 vocantium
1295 2548 1330 2595 aa

96 2615 255 2679 maiorem
278 2617 400 2679 metum
423 2615 573 2680 incussit:
606 2614 662 2678 alii
684 2614 720 2677 in
741 2614 855 2699 iugum
878 2613 999 2677 montis
1024 2614 1208 2699 evaserant,
1240 2617 1276 2676 ut

96 2702 242 2768 hostium
275 2723 391 2788 agmen
418 2703 492 2766 inde
519 2703 755 2787 prospicerent,
793 2722 892 2785 equos
922 2700 1066 2785 plerique
1093 2701 1276 2787 frenabant.

96 2791 233 2857 Discors
255 2792 415 2857 exercitus
425 2813 496 2855 nnec
516 2791 557 2855 ad
571 2813 670 2856 unum
684 2790 829 2855 intentus
842 2789 1015 2873 imperium
1028 2790 1119 2855 vario
1133 2790 1276 2854 tumultu

135 2989 177 3037 19.
196 2999 231 3036 ca
248 2984 322 3050 ipso
341 2984 423 3052 loco,
446 3000 490 3037 wo
509 2999 540 3038 er
557 2983 659 3053 gerade
713 2982 815 3054 griffes.
852 2984 944 3038 Ueber
962 2986 1012 3040 das
1031 2981 1206 3037 adversative
1223 2984 1276 3036 sic-

96 3054 157 3108 sich
180 3053 292 3108 befand.
327 3052 410 3108 Nach
427 3054 528 3108 Arrian
550 3071 609 3108 war
631 3071 660 3109 es
713 3055 858 3108 atita
875 3070 896 3108 s.
915 3055 987 3112 Einl.
1008 3060 1031 3120 ξ.
1050 3054 1125 3107 aab.

96 3124 127 3178 in
147 3124 197 3178 der
213 3122 294 3178 Naue
312 3141 369 3178 von
386 3123 570 3195 Myriandrus.
750 3130 792 3179 22.
811 3125 1010 3195 instructos,
1028 3123 1276 3192 hier=kampf-

133 3202 177 3249 20.
206 3195 407 3264 adspirante
432 3194 486 3249 wie
509 3202 535 3249 4.
560 3201 601 3249 14.
626 3201 659 3249 19
713 3194 827 3250 bereit
852 3196 904 3250 wie
922 3204 947 3251 4.
968 3204 992 3252 9.
1012 3203 1028 3251 6
1051 3195 1185 3248 instructo
1203 3210 1276 3247 aaa·

95 3267 217 3333 feticitas
230 3266 374 3335 adspiram
387 3267 502 3321 cedaar.
521 3264 578 3320 Der
586 3267 659 3320 auct.
715 3267 772 3319 cita
785 3271 810 3319 et
818 3273 986 3334 perarmato.
1006 3266 1115 3319 Ebenso
1125 3265 1277 3318 instructas

96 3337 134 3391 ad
158 3335 280 3392 Herenn.
303 3343 328 3391 4.
352 3341 386 3390 46
412 3336 492 3391 fuhrt
517 3337 661 3405 adspirare
715 3338 893 3390 oben2.10.

95 3409 186 3464 aliani
204 3431 238 3452 =
256 3407 359 3476 adase,
387 3408 522 3476 opitulari
539 3407 581 3461 als
599 3405 661 3462 Bei-
750 3413 793 3461 23.
812 3409 952 3473 oriente,
970 3406 1178 3473 wieortalaca
1199 3405 1276 3460 Caes.

94 3477 169 3549 spiel
191 3478 241 3532 der
256 3478 406 3534 translatio
423 3495 467 3534 an.
501 3509 534 3518 -
565 3495 661 3602 paam
714 3478 740 3532 b.
761 3494 787 3547 g.
808 3481 832 3530 b.
846 3483 872 3533 8.
898 3477 977 3531 Alex.
990 3494 1043 3547 aog
1056 3474 1161 3532 wieder
1174 3477 1277 3531 aurdclr

94 3549 274 3604 mutabitis
299 3548 339 3603 im
365 3548 500 3604 Hinblick
531 3567 568 3604 au
611 3549 661 3604 das
714 3567 748 3602 zu
779 3547 834 3601 den
865 3547 968 3603 bereits
997 3546 1136 3617 passirten
1163 3546 1277 3602 strand·

96 3620 171 3675 Laos
185 3620 235 3675 der
248 3636 304 3674 von
316 3618 377 3675 ihm
389 3618 451 3674 besi
545 3619 659 3674 Feinde.
713 3621 865 3688 passcnffi.
886 3623 938 3689 13).

98 3723 130 3732 -
155 3696 317 3758 secatam,
344 3689 407 3745 hier
427 3691 475 3745 nic
526 3690 585 3746 der
602 3690 660 3745 Er·
750 3690 1151 3755 24.orutinat=instrait,
1179 3690 1277 3743 conati-

93 3761 184 3832 folg,
203 3761 322 3817 condem
340 3761 398 3816 das
412 3760 583 3833 Erfolgen,
602 3761 661 3816 der
714 3761 776 3815 tait.
813 3760 941 3816 Soauch
958 3760 1156 3830 Nep.u.Liv.

96 3831 248 3887 Eintritt
272 3831 314 3886 im
340 3830 497 3903 Gegcnsata
524 3850 587 3886 aum
609 3832 660 3887 Be·
749 3838 793 3887 26.
812 3833 926 3902 tapam
943 3849 987 3899 aa,
1007 3830 1175 3886 dieVorber
1196 3845 1210 3883 a
1230 3829 1278 3884 des
1367 3900 1369 3906 Ι

96 3903 430 3972 vorstehen(immincre).
453 3903 610 3958 Discrimen
623 3903 661 3957 ist
714 3903 850 3970 Amanus,
877 3903 935 3972 die,
964 3904 1045 3957 einen
1066 3900 1140 3955 nach
1192 3899 1278 3954 ‚sich

96 3973 145 4028 bei
174 3972 202 4027 Ο.
231 3972 274 4028 oft
336 3973 438 4028 radezu
466 4000 500 4020 =
526 3973 572 4029 die
600 3977 660 4029 ent·
714 3973 862 4029 offuenden
880 3974 977 4044 Bogan
993 3971 1122 4039 bildeud,
1149 3969 1278 4024 ntrdlich

96 4043 266 4099 scheidende
292 3991 443 4100 §oehlaaht‘
471 4045 535 4115 ugr.
563 4052 604 4100 11.
628 4051 662 4101 26
716 4061 772 4100 von
791 4045 846 4099 den
859 4041 1170 4146 Strandpa'ssenpisau
1186 4039 1278 4122 einem

95 4115 215 4181 sortione
232 4116 409 4171 discriminis.
717 4116 845 4171 Abstand
875 4132 931 4170 von
969 4114 993 4184 Α
1016 4111 1102 4166 Mcrle
1128 4110 1277 4179 allmthhg

134 4193 178 4240 21.
193 4188 393 4241 occurrebat
404 4187 491 4241 naml.
501 4187 534 4241 ci.
553 4185 663 4242 Ebenso
718 4186 959 4241 61166111θὴ61-
970 4186 1277 4238 evaserant=esccn

98 4256 153 4310 mit
170 4257 237 4311 Aac.
256 4273 279 4311 c.
298 4257 350 4311 Ins.
371 4256 428 4312 (lic.
445 4275 474 4327 p.
491 4256 552 4312 Mil.
572 4263 662 4312 2b.-
717 4259 817 4312 derant
835 4261 858 4323 5.
873 4262 898 4310 2.
918 4284 951 4294 —
971 4254 1277 4322 discors...impc-

97 4328 249 4382 vinceret
265 4326 311 4381 fur
327 4328 451 4383 Marus
469 4334 547 4392 essct,
565 4345 608 4382 we
629 4344 664 4383 en
717 4329 812 4383 stam.
834 4325 910 4380 Wir:
929 4324 979 4378 der
997 4322 1147 4392 Umstand,
1172 4323 1278 4377 dass...

98 4397 149 4451 des
171 4397 202 4452 in
224 4398 339 4453 dabimn
360 4397 510 4468 liegenden
527 4345 664 4454 Futurlre-
717 4415 788 4463 war3
807 4397 864 4466 vgl.
883 4394 956 4448 Einl.
976 4399 998 4458 6.
1019 4399 1052 4448 36
1072 4394 1153 4448 Anm.
1299 4428 1320 4504 A
