2790 4792
160 213 204 277 46
614 213 645 278 Q.
665 211 775 268 GURTI
793 212 879 267 RUFI

162 398 295 441 accensa
314 380 364 441 est
382 380 415 440 et
429 398 448 439 a
462 377 606 459 corporis
625 375 812 441 custodibus
826 376 956 441 initium
970 375 1093 440 factum
1108 375 1336 459 clamantibus,

161 465 404 548 discerpendum
433 486 503 528 esse
529 464 724 548 parricidam
750 465 901 529 menibus
929 486 1042 528 eorum
1069 501 1111 511 -
1140 465 1173 528 id
1202 464 1336 548 quidem

161 554 320 637 Philotas,
349 555 405 639 qui
432 553 584 638 graviora
612 553 774 637 supplicia
800 556 973 637 metueret,
1001 552 1089 617 haud
1118 575 1195 618 sane
1218 554 1333 638 iniquo

126 651 142 700 9
162 643 271 707 animo
296 643 461 726 audiebat,
490 679 528 688 —
555 646 668 706 at⁴rex
695 641 729 706 in
753 643 936 707 contionem
958 662 1121 723 reversus,
1149 643 1216 707 sive
1239 647 1278 706 ut
1299 643 1385 709 ιιι42

51 728 54 734 ’
161 732 307 796 custodia
330 753 458 815 quoque
485 734 666 813 torqueret,
696 731 764 796 sive
791 736 829 795 ut
855 730 1044 814 diligentius
1073 735 1187 796 cuncta
1214 751 1335 816 cogno-

161 824 273 903 soeret,
296 820 467 884 concilium
490 820 525 884 in
547 823 713 902 posterum
736 819 821 884 diem
845 819 975 885 distulit
999 822 1044 902 et,
1071 841 1270 904 quamquam
1298 821 1335 885 in

160 931 328 992 vesperam
356 908 537 973 inclinabat
559 908 639 991 dies,
668 913 778 973 tamen
801 909 924 973 amicos
947 908 1120 973 convocari
1141 908 1243 974 iubet.
1288 909 1335 974 Et

109 1006 141 1054 10
160 997 276 1062 ceteris
307 997 437 1082 quidem
464 997 628 1081 placebat,
655 995 869 1062 Macedonum
898 1019 987 1062 more
1015 997 1110 1061 obrui
1137 998 1237 1080 saxis,
1267 997 1334 1063 He-

159 1086 308 1170 phaestio
333 1089 442 1151 autem
465 1089 498 1150 et
520 1083 674 1150 Craterus
698 1091 731 1150 et
753 1084 880 1151 Coenus
899 1087 1073 1151 tormentis
1092 1086 1262 1151 veritatem
1281 1109 1334 1152 ex·

161 1175 366 1258 primendam
392 1196 463 1240 esse
490 1175 641 1240 dixerunt
664 1179 697 1239 et
719 1175 769 1238 illi
794 1196 934 1259 quoque,
965 1174 1021 1259 qui
1044 1174 1130 1239 aliud
1154 1180 1334 1259 suaserant,

108 1264 140 1311 11
160 1263 194 1328 in
221 1264 338 1328 horum
366 1265 560 1330 sententiam
587 1267 767 1328 transeunt.
818 1260 964 1329 Consilio
998 1282 1077 1346 ergo
1105 1262 1240 1328 dimisso
1268 1263 1333 1328 Hc·

159 1352 332 1435 phaestion
361 1373 433 1417 cum
463 1349 598 1418 Cratero
625 1356 659 1417 et
682 1349 792 1417 (laeuo
821 1353 861 1416 ad
889 1353 1111 1436 quaestionem
1139 1352 1177 1416 de
1200 1351 1335 1418 Philota

108 1439 140 1488 12
159 1440 342 1505 habendam
366 1444 573 1527 consurgunt
616 1440 686 1505 Rex
710 1438 845 1506 Oratam
869 1441 1025 1506 accersito
1050 1446 1083 1505 et
1105 1462 1256 1506 sermone
1277 1442 1335 1506 ha

132 1563 134 1566 ·
160 1529 239 1613 bito,
256 1530 347 1594 cuius
366 1551 493 1594 summa
510 1551 579 1594 non
597 1529 683 1594 edita
706 1533 764 1612 cst,
787 1530 822 1594 in
840 1530 991 1594 intimam
1010 1529 1186 1595 deversorii
1204 1535 1334 1613 partem

161 1619 296 1683 secessit
318 1622 351 1682 et
373 1619 508 1683 remotis
532 1619 664 1683 arbitris
687 1619 719 1683 in
743 1619 882 1683 multam
904 1621 1033 1684 noctem
1056 1619 1257 1702 quaestionis
1281 1641 1334 1684 ex-

108 1713 140 1762 13
160 1707 304 1790 pecterit
326 1710 420 1773 event
421 1729 485 1772 um.
529 1706 716 1772 Tortores
706 1729 741 1773 m
764 1711 937 1791 conspectu
955 1706 1106 1773 Philotae
1131 1708 1242 1772 omnia
1264 1729 1334 1773 cru-

108 1795 840 1880 14delitat't1sinstrumentaproponunttthl
858 1796 915 1860 illc
934 1796 1033 1879 ultro,
1056 1795 1152 1872 Quid
1176 1795 1334 1878 cessatis',

161 1885 281 1970 inquit,
313 1883 411 1970 regis
439 1885 620 1968 inimicum,
652 1884 892 1949 interfectorem
924 1884 1131 1949 confitentem
1164 1884 1332 1950 occidere?

161 1974 238 2057 quid
261 1976 449 2058 quaestione
472 1995 554 2057 opus
577 1974 650 2038 est?
678 1974 833 2058 cogitavi,
860 1972 970 2039 volui'.
1016 1970 1170 2038 Craterus
1193 1974 1333 2058 exigere,

108 2068 141 2116 15
159 2066 205 2146 ut,
229 2084 311 2148 quae
334 2063 554 2146 confiteretur,
575 2062 611 2127 in
632 2061 805 2127 tormentis
829 2083 956 2146 quoque
979 2061 1108 2127 diceret.
1153 2061 1241 2127 Dum
1265 2083 1333 2127 eor-

158 2151 288 2235 ripitur,
317 2153 375 2232 [et]
405 2151 481 2216 dum
508 2150 657 2235 obligant
659 2173 697 2215 ur
724 2150 822 2228 oculi,
852 2151 930 2215 dum
957 2152 1058 2216 vestis
1086 2151 1225 2234 exuitur,
1254 2151 1333 2216 deos

158 2240 292 2323 patrios,
315 2240 494 2325 gentium
484 2261 556 2304 rura
579 2240 777 2324 nequiquam
799 2239 884 2323 apud
903 2239 1018 2305 surdas
1037 2260 1130 2304 aures
1149 2239 1332 2305 invocabat

159 2327 221 2392 Per
244 2329 377 2394 ultimos
401 2323 520 2393 deinde
538 2328 714 2411 cruciatus,
740 2331 853 2412 utpote
881 2332 915 2393 et
938 2327 1169 2393 damnatust
1136 2331 1169 2392 et
1192 2329 1333 2393 inimicis

108 2417 169 2470 16
159 2439 194 2480 m
212 2417 352 2501 gratiam
371 2417 459 2501 regis
477 2417 715 2501 torquentibus,
733 2417 902 2482 laceratur.
944 2416 992 2482 Ac
1009 2417 1115 2501 primo
1135 2439 1333 2501 quamquam

157 2505 266 2571 hinc
256 2507 352 2590 lgniS,
374 2506 465 2571 illinc
483 2505 703 2571 verberarem
721 2528 786 2570 non
805 2505 846 2570 ad
865 2507 1096 2590 quaestionem,
1119 2506 1175 2570 sed
1196 2506 1236 2571 ad
1255 2528 1332 2590 poe-

157 2617 234 2659 nam
256 2594 497 2680 ingerebantur,
520 2617 587 2660 ιιοιι
604 2617 716 2660 vocem
736 2595 842 2678 modo,
865 2594 921 2659 sed
940 2595 1039 2658 etiem
1057 2595 1197 2677 gemitus
1216 2594 1334 2660 habuit

158 2821 313 2876 Gelflbde
349 2822 512 2891 erfullen,
549 2825 610 2878 also
641 2824 715 2878 hier:
771 2820 823 2876 auf
842 2822 902 2877 sein
925 2822 1028 2876 Leben.
1069 2821 1122 2875 Die
1144 2821 1333 2892 Entdeclrung

161 2892 219 2947 ‘die
238 2893 371 2962 gelobten
388 2893 629 2962 Weihgesohenhe
652 2896 715 2949 dar·
770 2893 850 2947 hatte
869 2909 898 2947 es
916 2893 992 2948 bloss
1006 2892 1050 2946 bis
1063 2909 1126 2947 zum
1140 2894 1268 2961 recitavi,
1288 2910 1332 2948 oo-

157 2963 298 3031 bringen’.
771 2964 812 3018 lai
830 2963 963 3018 hommen
983 2963 1083 3019 lassen.

194 3038 219 3087 8.
252 3049 373 3103 eoram,
406 3035 615 3103 sachgem'a'sser
642 3041 716 3090 ware
808 3040 848 3088 15.
869 3036 1128 3104 ceretiumiura,
1146 3035 1333 3089 bekanntlioh

158 3106 288 3186 ipsoram,
307 3104 344 3158 da
361 3076 407 3159 die
426 3121 497 3174 corp.
517 3107 639 3160 custodes
656 3105 716 3161 sich
768 3105 849 3160 nieht
860 3104 1077 3171 ‘Volkerrechtss
1092 3075 1212 3159 sohdern
1223 3105 1333 3160 natur-

157 3175 257 3247 gewiss
275 3177 355 3231 nieht
370 3177 574 3231 ausschliessen
591 3177 714 3233 wollten.
769 3176 867 3244 liches,
882 3176 1064 3246 allgemeines
1078 3177 1332 3244 Menschenrecht'

193 3253 218 3302 9.
247 3264 372 3318 qaoque
398 3248 500 3318 gehbrt
521 3246 630 3318 logisch
655 3267 718 3302 zum
772 3219 889 3317 (legeris.
915 3249 960 3302 ius
987 3249 1072 3302 aaa
1120 3246 1215 3327 (legen
1239 3247 1333 3302 dieses

156 3319 308 3400 folgenden
334 3325 538 3389 torqueret—
566 3320 717 3374 inclina·
770 3318 902 3373 verstiess
915 3318 961 3372 dre
970 3318 1034 3372 Fol
1022 3323 1124 3386 terung
1137 3335 1213 3372 emes
1222 3319 1333 3384 Freren

158 3392 226 3457 bat,
245 3389 298 3444 wie
317 3391 481 3446 inclinato
469 3408 501 3445 aa
518 3406 655 3460 uesperum
673 3392 718 3446 die
770 3390 844 3444 noch
862 3390 932 3444 daau
952 3387 1029 3443 eines
1042 3388 1073 3443 in
1086 3389 1136 3443 der
1149 3389 1212 3443 Hau
1212 3391 1333 3458 ptsache

158 3467 183 3516 4
204 3467 228 3515 7.
247 3467 289 3515 22.
771 3460 1037 3530 Gestdudigenoe
1004 3461 1191 3514 -surdcs
1223 3478 1332 3516 aures

196 3537 236 3586 1e
254 3534 452 3587 transcunt.
492 3533 557 3587 Man
580 3533 651 3587 wird
673 3549 716 3587 er·
771 3530 1089 3600 Spruchwbrtlichwar:
1103 3531 1333 3586 surdoodersur·

157 3601 250 3657 innert
271 3619 308 3656 an
330 3601 376 3657 die
394 3603 505 3658 Formel
523 3604 572 3658 der
590 3605 716 3659 discessio
770 3603 814 3657 dis
832 3603 948 3656 carrhas
966 3618 1069 3657 canere
1105 3602 1145 3655 Zu
1162 3604 1254 3671 opud
1272 3604 1332 3672 vgl

157 3674 195 3727 im
221 3679 290 3728 ιὸιιι.
319 3674 417 3728 Sonat:
445 3676 494 3743 qui
519 3676 568 3730 hoc
594 3676 715 3741 censetis,
769 3674 846 3742 apud
864 3689 944 3728 ames
962 3674 1093 3741 superbus
1107 3689 1211 3740 param
1229 3679 1329 3742 tutum,

156 3747 224 3800 illac
246 3745 373 3810 ιναιιιιιι,
401 3747 450 3814 qui
472 3746 531 3801 alia
554 3748 663 3815 emata,
684 3748 716 3800 ia
770 3745 834 3798 Tac.
855 3761 918 3798 ann.
933 3750 959 3798 4.
974 3750 1069 3798 29-
1036 3760 1190 3824 -pcree
1210 3745 1237 3799 d.
1256 3761 1333 3799 cru-

156 3819 228 3872 hacc
242 3821 359 3885 partem.
769 3816 896 3880 ciatas,
909 3814 989 3870 maht
998 3814 1111 3884 ergentl
1121 3813 1333 3870 instrumentcll

195 3895 236 3943 12
254 3889 354 3943 edita.
387 3886 579 3958 Vollsttndig:
572 3889 696 3944 wasta
684 3906 716 3942 aa
769 3903 803 3939 uu
816 3856 918 3953 lasseh,
933 3887 1054 3941 condem
1066 3886 1146 3940 mehr
1159 3886 1331 3940 adverbiell:

155 3961 254 4044 vulqus
272 3960 308 4027 (3.
325 3964 349 4013 3.
369 3961 456 4026 7),-
424 3960 663 4014 —deoersore'i
681 3985 715 4005 -
769 3958 851 4011 unter
861 3957 915 4011 den
924 3957 1290 4012 entsetrlichstenllartem.
1297 3989 1332 3997 -

156 4033 255 4112 reciae,
269 4031 318 4085 des
327 4029 508 4099 kemglrehen
516 4030 608 4085 Zeltes
610 4030 715 4099 ,·Quar
769 4029 973 4098 iactatione
994 4027 1332 4083 Sosehoanusmehr

156 4101 230 4156 tiers.
769 4099 835 4153 fach
853 4100 899 4153 fiir
917 4100 967 4153 das
986 4098 1137 4154 classische
1155 4101 1257 4169 qratia.

194 4179 235 4228 13.
251 4177 462 4242 proponunt,
476 4172 535 4226 ebs.
549 4170 715 4227 wicum.
807 4175 847 4225 1o.
877 4172 919 4225 ad
940 4186 1090 4240 poenam
1128 4168 1332 4226 0.willw0h1

194 4250 234 4298 14.
262 4245 493 4310 confitentem,
518 4241 611 4295 wenn
634 4257 664 4296 er
686 4258 716 4297 es
769 4257 865 4310 sagon,
880 4240 944 4296 dass
958 4257 1024 4296 man
1036 4241 1104 4296 bald
1117 4239 1333 4324 srehgarnrcht

152 4314 341 4442 waimis
360 4311 716 4442 ιιὶιᾶιιιίιοιοιιιιιΑΒιιιῂῖιιιι
769 4311 913 4438 rqthssdie
931 4311 1017 4367 Muhe
1034 4314 1135 4438 qqlirlm,
1154 4311 1330 4438 inqrcuhqrgori-

135 4403 206 4438 ιιιιι·
247 4403 279 4441 er
343 4403 358 4440 s
411 4402 539 4442 eremas
604 4402 635 4442 so
667 4401 719 4456 ags
772 4400 1020 4453 sexagenas
1127 4401 1203 4437 aun
1271 4402 1289 4437 ιι
