2790 4792
144 195 188 264 32
600 193 631 259 o.
652 192 763 249 cosm
782 191 867 248 num

144 358 241 426 facile
260 357 410 440 dixerim,
434 354 648 421 credideritne
668 354 698 419 ci
715 376 785 439 rex,
808 376 851 419 an
869 353 969 420 altius
988 354 1073 421 iram
1091 359 1328 441 suppresserit:

145 446 310 512 dexteram
338 444 564 512 reconciliatae
592 443 718 529 gratiae
744 443 862 527 pignus
892 443 1012 508 obtulit
1041 446 1074 508 et
1101 449 1327 530 contemptum

144 536 250 622 magis
275 557 371 621 quam
394 534 537 600 celatum
559 532 716 598 indicium
739 552 810 596 esse
833 531 936 596 videri
959 531 1022 597 sibi
1044 531 1135 599 dixit.

638 689 719 757 One.
742 688 832 756 VIII.

110 821 124 869 1
232 799 402 866 Advocato
424 802 496 865 tum
520 796 657 864 oonsilio
680 796 872 875 amicorum,
895 796 947 862 cui
969 799 1080 863 tamen
1097 797 1248 864 Philotas
1273 800 1376 865 ced-29

108 889 269 958 ahibitus
291 891 441 974 nonest,
462 885 699 953 Nicomachum
717 884 880 951 introduci
902 885 1002 952 iubet.
1037 885 1070 950 Is
1090 885 1217 972 eedem,
1242 910 1326 973 quae

144 977 307 1043 detulerat
327 977 427 1058 frater
450 976 634 1061 adregem,
657 973 766 1039 ordine
785 973 944 1058 exposuit.
980 973 1065 1040 Erat
1077 972 1233 1042 Craterus
1253 978 1327 1063 regi

144 1087 236 1131 carus
260 1066 296 1131 in
317 1066 429 1150 paucis
453 1066 486 1128 et
510 1085 547 1129 eo
566 1063 719 1129 Philotae
743 1062 784 1128 ob
804 1062 1056 1129 aemulationem
1076 1062 1250 1149 dignitatis
1270 1067 1327 1132 ad-

109 1175 272 1224 spersus:
296 1175 400 1239 neque
423 1153 611 1238 ignorabat,
634 1172 731 1234 saepe
749 1149 929 1216 Alexandri
947 1151 1080 1216 auribus
1099 1152 1202 1218 nimia
1224 1154 1325 1220 iacta·

144 1243 234 1309 tione
252 1242 385 1308 virtutis
405 1244 510 1326 atque
521 1261 639 1326 operae
661 1259 796 1325 gravem
816 1238 917 1306 tuisse
936 1242 969 1304 et
987 1240 1030 1305 ob
1050 1263 1088 1305 ea
1105 1262 1173 1306 non
1192 1242 1326 1328 quidem

107 1332 290 1416 ascalone,
317 1330 374 1396 sed
396 1328 619 1396 contumaciae
645 1331 757 1393 tamen
781 1348 850 1393 esse
878 1331 1073 1412 suspectum.
1118 1327 1195 1395 Non
1223 1331 1325 1396 aliam

142 1418 311 1504 premendi
328 1418 453 1484 inimici
470 1417 675 1484 occasionem
698 1415 858 1500 aptiorem
880 1415 1023 1482 futuram
1040 1420 1148 1502 ratus,
1171 1418 1246 1485 odio
1259 1442 1325 1485 suc

142 1508 277 1592 pietatis
295 1507 481 1592 praeferens
500 1505 654 1591 speciem,
672 1502 841 1588 ‘Utinam',
859 1505 980 1590 inquit,
1000 1504 1044 1570 ‘in
1063 1506 1226 1591 principio
1246 1530 1324 1594 quo·

109 1617 207 1682 oque
228 1595 325 1662 huius
343 1595 392 1662 rei
409 1595 580 1661 nobiscum
604 1593 832 1659 deliberasses!
869 1591 1103 1679 Suasissemus‚
1126 1596 1155 1659 si
1172 1593 1325 1662 Philotae

143 1684 245 1750 velles
260 1685 436 1770 ignoscere,
449 1683 610 1769 patereris
623 1682 734 1767 potius
748 1681 901 1766 ignorare
916 1703 999 1767 eum,
1017 1686 1175 1767 quantum
1190 1684 1326 1750 deberet

142 1773 218 1858 tibi,
241 1794 338 1857 quam
360 1794 462 1859 usque
486 1773 526 1838 ad
549 1772 665 1838 mortis
688 1772 812 1836 metum
835 1770 1009 1850 adductum
1032 1791 1164 1856 cogeres
1191 1775 1324 1858 saepius

144 1862 183 1927 de
211 1863 356 1947 periculo
385 1884 458 1948 suo,
487 1883 586 1948 quam
613 1860 652 1924 de
678 1861 737 1924 tuo
765 1858 911 1944 cogitare
937 1859 1103 1925 beneficio.
1148 1860 1209 1926 Ille
1236 1863 1325 1928 enim

144 1971 271 2035 semper
298 1950 447 2016 insidiari
473 1950 537 2016 tibi
564 1948 699 2035 poterit,
727 1949 764 2012 tu
785 1968 852 2012 non
875 1967 1002 2032 semper
1024 1947 1176 2015 Philotae
1199 1951 1325 2034 poteris

107 2039 320 2125 cignoscere.
368 2037 440 2104 Neo
466 2042 528 2122 est,
556 2036 643 2123 quod
669 2035 835 2111 existimes
863 2057 949 2122 eum,
981 2036 1038 2121 qui
1066 2041 1196 2103 tantum
1224 2061 1324 2107 ausus

143 2132 207 2213 est,
240 2127 335 2193 venia
367 2149 463 2211 posse
493 2125 623 2191 mutari.
674 2123 744 2190 Scit
775 2145 844 2209 eos,
877 2125 932 2210 qui
960 2125 1216 2192 misericordiam
1247 2149 1325 2194 con-

108 2237 124 2285 r
143 2218 367 2302 sumpserim,
390 2214 529 2300 amplius
548 2235 678 2299 sperare
700 2234 766 2279 non
787 2234 894 2297 posse.
935 2211 982 2278 At
1000 2234 1075 2299 ego,
1098 2215 1228 2280 etiamsi
1251 2217 1324 2302 ipse

142 2305 194 2369 vel
217 2303 419 2389 paenitentia
436 2304 488 2368 vel
510 2302 667 2368 beneficio
686 2305 743 2367 tuo
762 2300 867 2367 victus
889 2301 1052 2386 quiescere
1071 2303 1171 2386 volet,
1194 2307 1324 2387 patrem

143 2392 212 2457 eius
239 2390 501 2476 Parmenionem,
528 2391 615 2456 tanti
643 2390 756 2456 ducem
780 2389 939 2456 exercitus
967 2394 1000 2456 et
1026 2391 1208 2456 inveterata
1236 2394 1323 2477 apud

143 2481 264 2546 milites
288 2503 364 2547 suos
389 2480 585 2547 auctoritate
607 2479 696 2545 haud
716 2479 856 2544 multum
879 2478 965 2543 infra
988 2479 1222 2564 magnitudinis
1245 2485 1323 2547 tuae

143 2656 302 2726 restringirt
324 2655 374 2712 das
397 2657 498 2713 vorher
518 2654 626 2710 ehende
649 2655 705 2709 cal·
759 2651 813 2707 wie
841 2656 865 2706 t.
896 2657 937 2708 10.
968 2657 999 2706 12
1030 2652 1142 2709 titulum
1170 2657 1322 2724 praeferre.

138 2743 220 2796 pam,
253 2728 327 2782 ohne
358 2743 388 2781 es
416 2725 467 2781 auf
518 2726 598 2781 eben.
643 2724 706 2779 Wir
760 2722 901 2778 Classisch
915 2721 1120 2779 deterrerem
1133 2727 1323 2795 praetendere,

144 2802 257 2853 musaeu
271 2797 352 2852 einen
362 2797 536 2852 Relativeatz
550 2814 584 2851 au
596 2795 705 2865 culpam
754 2799 921 2865 praemere.
950 2825 984 2834 -
1011 2795 1048 2848 ia
1077 2796 1259 2865 principio
1286 2824 1322 2845 =

143 2867 247 2924 bilden.
754 2866 921 2948 principio..
938 2863 1050 2919 Ebenso
1069 2884 1091 2922 a.
1105 2865 1137 2919 Β.
1153 2866 1210 2924 Cic.
1229 2868 1264 2923 de
1281 2885 1322 2924 or.

97 3085 99 3088 y
346 2979 409 3036 ⁰¹¹²
428 2979 504 3038 Vm·
760 2935 1164 3089 1.5a‹;egt1eissvmegp31tigsq·
1179 3024 1321 3079 caperes.

180 3084 205 3133 2.
235 3078 348 3146 frater
379 3079 422 3134 ad
454 3093 566 3148 repam.
612 3074 705 3131 Wenn
758 3076 851 3132 Ueber
873 3074 1047 3133 dieOonstr.
1072 3095 1093 3132 s.
1117 3085 1194 3134 2114.
1216 3086 1321 3136 11.13.

143 3149 223 3204 nicht
245 3148 274 3207 Ο.
301 3147 480 3205 irrthfimlich
507 3147 705 3204 Nicomachum
758 3147 889 3203 Craterus
906 3147 1009 3216 meint,
1030 3147 1220 3220 vollstandige
1238 3151 1322 3222 Igno-

143 3220 189 3276 far
204 3218 364 3277 Cebalinum
378 3220 501 3289 schrieb‚
520 3235 552 3274 so
566 3216 706 3275 emeheint
758 3218 856 3289 rirnng
879 3219 928 3274 des
946 3217 1070 3276 Vorfalla
1088 3220 1128 3275 sei
1149 3220 1252 3292 kluger
1272 3240 1322 3293 ge·

143 3291 391 3348 dieltinschiebun
426 3290 586 3358 confrater
600 3289 705 3344 abun·
758 3305 852 3346 wesen
874 3289 917 3344 als
944 3289 1006 3346 eine
1028 3289 1246 3364 Bcgnedigung,
1275 3293 1321 3349 die

144 3363 297 3419 erlaeelich.
331 3362 371 3434 [S.
390 3310 416 3418 d
436 3362 501 3418 krit
516 3359 704 3432 Anhang.]—
758 3359 981 3417 vorherrschend
994 3359 1124 3417 bittere
1139 3361 1260 3418 Geffihle
1273 3365 1322 3420 bei

143 3449 244 3488 carus
266 3435 458 3504 impacata,
480 3431 705 3490 candaviae.
759 3432 824 3486 dem
873 3431 1069 3504 Begnadigten
1121 3434 1322 3490 aurtcklasaen

146 3508 187 3558 11.
199 3509 222 3558 8.
251 3503 702 3574 ngaanachePlutAlemdt
757 3502 861 3558 werde.
879 3532 913 3543 —
932 3518 998 3558 eoa
1016 3547 1023 3560 .
1044 3543 1050 3557 .
1068 3505 1202 3573 poteris
1224 3506 1321 3576 iano-

144 3567 216 3636 tuae
247 3570 298 3628 τὸν
331 3574 384 3644 μὲν
407 3571 601 3645 Ἡφαιστίωνα
629 3569 704 3643 irpi-
758 3589 861 3644 acere,
892 3572 1016 3628 ineofern
1043 3589 1073 3628 es
1101 3573 1147 3630 ein
1173 3576 1321 3632 andcrmal
1391 3625 1393 3630 ,

144 3648 208 3713 λιι,
231 3640 281 3700 τὸν
305 3642 337 3700 di
357 3641 502 3715 Κράτερον
526 3641 540 3702 d
545 3647 627 3715 τίμα
652 3639 704 3714 pot·
754 3644 842 3714 jencn
854 3643 987 3715 galingen
1000 3644 1089 3712 kann,
1103 3645 1169 3701 dich
1182 3647 1321 3703 unachtd-

143 3717 223 3770 λιστα
240 3710 436 3785 Ἀλέξανδρος·
758 3715 817 3770 lioh
835 3732 869 3769 au
886 3715 1014 3771 machon.

179 3791 205 3842 3.
233 3801 370 3856 operae,
399 3787 461 3842 ‘der
487 3804 542 3843 von
569 3787 630 3842 ihm
657 3802 704 3856 ge·
794 3791 819 3840 6.
835 3791 1118 3856 consumpserant.
1136 3785 1320 3844 Uebersetaez

143 3856 277 3913 leiateten
289 3857 427 3914 Dienste’.
438 3889 472 3899 -
483 3858 622 3914 acetaria
634 3857 705 3926 hier,
759 3856 817 3913 das
835 3856 946 3913 Maece
962 3897 987 3913 ..
1002 3857 1182 3927 erechopft
1199 3858 1320 3915 haben.

143 3926 197 3983 wie
212 3928 307 3996 often,
321 3929 627 3985 verbreoherisohe
641 3927 703 3983 Ge·
757 3927 797 3983 Zu
814 3943 945 3998 superare
958 3933 1076 3999 erganae
1093 3930 1319 3987 misericerdiam.

144 3998 601 4071 ainnung,ltuchloaigkeit
638 3998 704 4070 Vgl.
794 4000 1320 4070 ¹Lcietaapasatmehranbrisciaco

145 4075 170 4124 t.
190 4075 232 4125 lo.
757 4070 799 4125 ale
823 4089 857 4125 au
877 4072 1055 4140 paenitentia
1096 4070 1160 4142 Vgl.
1184 4073 1321 4141 beneficiis

180 4145 205 4194 4.
231 4142 407 4211 premendi
442 4142 488 4198 fer
523 4141 703 4212 opprimi.
758 4143 877 4209 vincare,
900 4141 969 4197 Sall
991 4141 1056 4213 Jng.
1081 4148 1106 4196 9.
1126 4173 1160 4182 —
1185 4142 1318 4199 Parme·

142 4211 179 4267 In
212 4212 352 4282 gleichem
389 4211 474 4269 Sinne
510 4216 575 4284 aagt
608 4212 705 4269 Livius
757 4214 897 4268 aionem
933 4211 1032 4269 Dieeer
1055 4212 1139 4268 stand
1157 4212 1265 4269 damale
1282 4229 1320 4268 an

195 4340 199 4345 .
225 4283 232 4295 '
265 4300 326 4340 eum
347 4285 494 4352 nobilitam-
518 4300 638 4354 proaem
659 4299 706 4339 ea·
757 4282 841 4339 derS
862 4283 918 4339 itae
931 4282 1152 4338 einerriemIIch
1167 4284 1319 4340 bedenten-

75 4252 277 4496 'aaa
297 4385 332 4396 -
343 4356 552 4425 praeferens
567 4355 706 4427 spectem
758 4353 813 4410 den
850 4352 1094 4424 eereeabtheilnng
1106 4352 1317 4410 beillcbatana
