2790 4792
351 226 607 283 HISTORIABUM
624 226 840 281 ALEXANDRI
859 228 911 296 IV,
930 234 954 282 5.
975 236 999 283 6.
1198 227 1259 291 127

87 411 137 456 xn
158 391 305 455 triremes
329 411 401 453 cum
424 411 482 453 suo
505 390 607 453 milite
630 411 667 453 ac
689 389 819 474 remige,
841 393 969 472 praeter
993 411 1046 454 aas
1060 409 1131 455 xxx
1147 392 1259 455 inanes

87 485 120 546 et
146 504 195 539 aa
219 479 346 564 piratici
369 478 468 542 lembi
492 476 750 563 Graecorumque
773 496 811 541 111
833 479 923 542 milia
947 500 966 541 a
987 478 1093 543 Persis
1115 480 1260 544 mercede

88 570 255 634 conducta.
299 566 360 630 His
387 567 422 629 in
450 567 708 650 supplementum
735 567 900 649 copiarum
928 589 1058 630 suarum
1082 568 1259 632 distributis

86 659 262 743 piratisque
278 655 432 740 supplicio
448 655 581 719 adfectis
597 656 740 739 captivos
754 656 891 740 remiges
907 655 1049 719 adiecere
1064 657 1159 720 classi
1175 679 1258 720 suae.

36 748 78 812 24
176 747 273 811 Forte
297 744 513 829 Aristonicus,
544 742 846 827 Methymnaeorum
873 748 1043 828 tyrannus,
1076 766 1148 808 cum
1175 746 1258 828 pira-
1279 768 1311 815 19

86 837 159 900 ticis
192 834 327 899 navibus
353 833 486 918 ignarus
514 833 671 914 omnium,
704 853 784 915 quae
812 833 896 917 apud
920 830 1035 897 Chium
1064 836 1136 897 acta
1159 837 1260 918 erant,

86 926 191 1008 prima
221 923 333 1008 vigilia
365 922 405 985 ad
436 924 548 1005 portus
581 922 720 985 claustra
752 921 904 985 successit
930 921 1211 1007 interrogatusque
1238 944 1258 985 a

87 1013 287 1095 custodibus,
318 1011 389 1094 quis
422 1013 520 1088 esset,
552 1009 771 1074 Aristonicum
805 1010 845 1073 ad
872 1009 1117 1075 Pharnabazum
1148 1011 1257 1074 venire

86 1102 263 1185 respondit.
315 1099 367 1163 Illi
398 1098 643 1163 Pharnabazum
680 1099 808 1183 quidem
839 1099 904 1162 iam
937 1099 1097 1182 quiescere
1130 1104 1162 1163 et
1194 1121 1315 1170 1101110

87 1212 182 1274 posse
204 1194 275 1254 tum
298 1188 387 1272 adiri,
410 1192 551 1251 ceterum
573 1191 683 1272 patere
708 1188 794 1252 socio
819 1190 915 1271 atque
937 1187 1059 1271 hospiti
1077 1192 1206 1271 portum
1229 1190 1262 1252 et

87 1282 218 1362 postero
247 1279 297 1342 die
313 1277 521 1341 Pharnabazi
544 1276 670 1360 copiam
692 1276 762 1340 fore
785 1275 965 1340 adfirmant.
1010 1274 1079 1340 Nec
1102 1276 1262 1341 dubitavit
1280 1298 1312 1346 21

88 1366 294 1432 Aristonicus
321 1367 444 1450 primus
470 1366 605 1449 intrare,
637 1366 737 1429 secuti
766 1369 841 1428 sunt
868 1365 980 1429 ducem
1007 1365 1133 1448 piratici
1155 1365 1263 1449 lembi,

88 1479 135 1538 ac,
159 1456 234 1520 dum
258 1455 421 1538 adplicant
443 1454 575 1539 navigia
598 1454 753 1537 crepidini
771 1458 892 1538 portus,
916 1454 1053 1519 obicitur
1072 1476 1091 1517 1
1109 1453 1261 1538 vigilibus

88 1546 264 1608 claustrum
297 1549 341 1626 et,
375 1543 430 1627 qui
460 1543 598 1626 proximi
627 1543 841 1626 excubabant,
874 1543 914 1605 ab
942 1543 1044 1606 isdem
1072 1542 1262 1607 excitantur.

87 1631 187 1697 Nullo
220 1656 259 1697 ex
289 1633 329 1696 iis
357 1654 436 1696 auso
463 1652 644 1716 repugnare
672 1631 821 1696 omnibus
853 1637 985 1695 catenae
1012 1632 1149 1695 iniectae
1178 1635 1262 1715 sunt,

88 1721 288 1806 Amphotero
318 1721 431 1786 deinde
458 1719 707 1805 Hegelochoque
734 1721 914 1784 traduntur.
959 1718 1045 1783 Hinc
1068 1719 1261 1784 Macedones
1280 1743 1314 1791 11

88 1812 245 1900 transiere
258 1810 447 1893 Mitylenen,
470 1831 566 1893 quam
581 1808 701 1874 Chares
715 1808 922 1873 Atheniensis
945 1830 1049 1891 nuper
1072 1811 1261 1891 occupatam

88 1918 113 1963 n
141 1900 265 1963 milium
291 1900 462 1963 Persarum
494 1897 652 1982 praesidio
684 1898 832 1962 tenebat:
869 1898 924 1961 sed
957 1919 1029 1961 cum
1061 1897 1262 1961 obsidionem

88 1990 227 2053 tolerare
249 2010 317 2052 non
338 1991 461 2072 posset,
488 1988 567 2051 urbe
589 1987 709 2051 tradita
731 1990 857 2070 pactus,
880 1989 917 2048 ut
938 1986 1091 2049 incolumi
1114 1986 1202 2050 abire
1225 1985 1261 2048 li-

89 2081 190 2161 ceret,
212 2077 356 2141 Imbrum
379 2077 468 2160 petit.
513 2075 640 2140 Deditis
662 2075 853 2139 Macedones
876 2078 1096 2158 pepercerunt

603 2233 680 2300 011.
702 2234 759 2300 VI.

36 2340 80 2406 25
179 2342 302 2406 Dareus
331 2343 498 2427 desperata
524 2363 616 2425 pace,
649 2363 745 2426 quam
772 2364 830 2425 per
856 2342 980 2405 litteras
1002 2342 1191 2426 legatosque
1214 2341 1262 2405 in·
1284 2364 1295 2409 1

90 2432 212 2514 petrori
233 2453 329 2515 posse
352 2432 538 2514 crediderat,
561 2431 601 2495 ad
619 2430 814 2514 reparandas
830 2431 914 2495 vires
928 2429 1110 2513 bellumque
1125 2430 1262 2514 impigre

90 2520 311 2584 renovandum
341 2519 480 2584 intendit
508 2521 658 2583 animum.
703 2517 809 2582 Duces
832 2540 909 2603 ergo
933 2518 1098 2602 copiarum
1121 2518 1296 2601 Babylo-a

90 2609 180 2672 niam
193 2609 374 2692 convenire,
396 2608 531 2672 Bessum
546 2629 680 2692 quoque,
699 2606 945 2672 Bactrianorum
960 2609 1150 2691 praetorem,
1165 2628 1262 2689 quam
1310 2630 1316 2645 ·

91 2697 230 2761 maximo
253 2700 370 2780 posset
386 2697 526 2760 exercitu
549 2700 673 2778 coacto,
704 2695 893 2759 descendere
917 2695 957 2759 ad
981 2717 1014 2759 se
1037 2695 1134 2758 iubet.
1181 2692 1296 2764 Sunta

92 2789 200 2849 autem
222 2785 388 2849 Bactriani
410 2785 495 2849 inter
516 2785 588 2849 illas
612 2787 725 2869 gentes
748 2784 990 2868 promptissimi,
1012 2783 1151 2847 horridis
1173 2783 1263 2868 inge·

91 2876 153 2938 niis
175 2875 375 2960 multumque
390 2897 409 2938 a
422 2874 592 2939 Persarum
606 2875 684 2938 luxu
698 2873 959 2939 abhorrentibus:
984 2873 1037 2936 siti
1050 2871 1137 2936 haud
1151 2873 1264 2956 procul

92 2961 280 3045 Scytharum
301 2963 545 3028 bellicosissima
567 2967 662 3048 gente
686 2967 718 3026 11
740 2966 834 3047 rapto
857 2962 963 3027 vivere
987 2962 1120 3026 adsueta
1140 2982 1264 3045 semper

91 3118 157 3172 fach
175 3119 222 3173 bei
239 3119 300 3174 Liv.
319 3139 345 3173 u.
365 3120 411 3190 C.,
430 3120 502 3174 doch
520 3138 572 3173 nur
589 3118 651 3174 hier
704 3136 857 3189 genossen-
875 3119 933 3172 und
952 3119 1148 3200 olynthischen
1160 3119 1263 3188 Kriege

93 3192 416 3342 011111111111011111
444 3261 496 3316 Die
514 3261 583 3331 folg.
598 3261 650 3317 Ge·
705 3190 1102 3329 iiedrbbhthlidril’Bleribttzauhegr.
1116 3189 1263 3314 Π1111111111

94 3332 218 3385 schrchte
250 3332 356 3386 crzbhlt
386 3334 458 3387 auch
485 3333 593 3386 Arrian.
617 3364 650 3373 -
704 3331 742 3386 ist
759 3333 805 3386 sed
823 3331 978 3405 gebraucht
995 3330 1067 3384 oben
1086 3335 1109 3394 ς.
1129 3336 1153 3384 9.

95 3404 426 3473 0111111151111111.
451 3406 507 3459 1)11
522 3403 651 3473 Singular

96 3475 125 3540 (1.
150 3478 172 3538 ξ.
193 3476 236 3543 21)
269 3474 432 3529 bezeichnet
458 3474 504 3529 die
528 3474 651 3529 Schluss-
919 3453 981 3508 CAP-
1000 3452 1047 3508 VI·

94 3544 281 3614 vorrichtung,
296 3545 509 3615 Sperrkette‚
525 3546 573 3600 der
587 3547 651 3600 Plu·
743 3552 765 3598 1.
785 3544 929 3612 Dareus,
949 3543 1129 3612 anlrniipfend
1148 3561 1184 3598 an
1204 3549 1226 3599 5.
1239 3550 1264 3598 8.

93 3616 137 3669 ral
154 3616 313 3686 uberhaupt
331 3617 385 3671 den
403 3616 626 3687 Hafeneingang.
741 3622 765 3670 2.
793 3616 1019 3684 Babyloniam
1037 3640 1071 3660 =
1089 3615 1129 3668 im
1147 3613 1263 3669 Gebietc

130 3693 172 3740 20.
192 3692 220 3741 ei
238 3704 303 3741 101
321 3706 341 3742 s.
361 3687 433 3741 Einl.
452 3693 475 3753 ξ.
490 3695 533 3742 23.
553 3720 586 3726 -
606 3705 651 3742 00-
704 3704 760 3741 ron
782 3686 916 3755 Babylon.
953 3685 1045 3740 Ueber
1070 3686 1115 3739 die
1137 3684 1263 3755 Weglas-

90 3759 181 3824 pium
196 3783 229 3803 =
244 3759 388 3829 Zugang‚
404 3759 534 3813 Zutritt
547 3778 585 3812 zu
599 3761 651 3813 etc.
706 3776 776 3827 sung
790 3758 839 3812 der
851 3756 1030 3826 Pr‘aposition
1044 3775 1064 3810 1.
1078 3756 1151 3809 Ε1111.
1166 3761 1262 3820 1271.

96 3827 131 3882 So
151 3828 218 3883 Sall.
237 3829 299 3900 Jug.
320 3837 353 3883 22
378 3830 543 3885 Adherbalis
562 3832 652 3899 appel·
707 3861 740 3868 —
758 3829 902 3883 Bessum.
930 3827 1033 3882 Diesen
1051 3826 1196 3894 Satrapen,
1215 3825 1264 3879 der

96 3900 174 3953 laudi
193 3901 272 3968 copia
289 3918 346 3954 101
363 3902 426 3966 fuit.
706 3902 800 3968 sp‘ater
818 3898 880 3954 eine
898 3915 928 3952 so
946 3897 1079 3967 wichtige
1093 3897 1173 3951 Rolle
1192 3896 1264 3964 spie-

131 3976 173 4024 21.
194 3988 230 4024 ac
244 3996 278 4016 =
294 3971 362 4025 ‘und
376 3972 462 4040 (aber)
477 3971 584 4039 sofort’,
602 3969 655 4025 1111
709 3971 756 4024 len
782 3971 877 4039 sollte,
909 3969 1072 4024 bezeichnet
1095 3967 1195 4021 Arrian
1222 3968 1264 4020 als

97 4047 120 4093 7.
141 4047 164 4096 5.
185 4047 226 4095 24.
709 4041 789 4095 einen
808 4040 911 4102 οἰκεῖος
928 4043 1052 4110 Δαρείου
1072 4045 1097 4093 3.
1115 4044 1162 4104 23;
1182 4045 1206 4091 3.
1222 4044 1264 4092 30.

132 4118 174 4167 22.
196 4113 393 4182 Mitylenen.
430 4112 652 4182 Vgl.Arr.3.2
744 4118 769 4168 3.
792 4112 1038 4180 promptissimi
1061 4111 1125 4165 di.
1150 4115 1265 4180 voraug-

95 4182 145 4236 1011
155 4179 320 4252 Μιτυλήνην
330 4183 446 4253 Χάρητα
462 4182 561 4253 ἔχοντα
572 4177 653 4250 cispet-
707 4183 765 4236 lich
782 4182 883 4252 tapfer,
900 4182 961 4236 krie
983 4182 1079 4236 erisch.
1100 4183 1188 4236 linter
1201 4183 1266 4237 illue

95 4257 166 4307 tero.
202 4253 299 4308 Dieser
321 4254 423 4309 Chares
450 4254 488 4309 ist
515 4254 594 4308 nicht
620 4272 654 4307 zu
707 4259 796 4322 yeaies
818 4252 880 4306 sind
902 4252 948 4307 die
993 4253 1072 4307 olker
1091 4254 1139 4307 des
1157 4253 1265 4307 Perser-

95 4324 284 4380 verwechseln
314 4325 367 4380 mit
398 4326 462 4380 dem
494 4325 654 4380 bekannten
706 4324 1116 4378 reichszuverstehcn.—siii.
1137 4323 1173 4377 So
1181 4325 1266 4377 schon

97 4395 278 4451 athenischen
300 4395 453 4451 Fcldherrn
474 4396 514 4449 im
532 4396 653 4450 Bundes·
708 4394 774 4449 Sall.
793 4411 836 4463 ep.
856 4392 949 4448 Mithr.
971 4400 1003 4448 17
1026 4394 1094 4447 sccii
1111 4395 1193 4447 iacta
1210 4395 1264 4448 siti.
