2790 4792
383 218 635 274 HISTORIARUM
654 219 869 273 ALEXANDRI
887 218 934 290 vl,
955 227 996 274 11.

608 415 685 482 One.
709 415 765 481 XI.

59 547 89 609 ll
191 542 274 607 Erat
288 543 372 606 inter
386 542 481 607 duces
497 537 596 605 manu
609 545 758 606 strenuus
772 540 877 605 Bolon
891 541 1032 626 quidam,
1050 544 1140 626 pacis
1155 545 1274 610 artium
1295 563 1306 609 1

102 637 135 697 et
159 632 264 696 civilis
287 632 417 695 habitus
441 630 539 713 rudis,
561 634 653 694 vetus
676 630 778 713 miles,
801 630 843 695 ab
866 629 982 694 humili
1005 631 1116 696 ordine
1140 633 1272 698 adeum

102 721 252 805 gradum,
281 720 315 783 in
346 740 409 803 quo
436 722 514 783 tunc
543 722 625 802 erat,
651 722 834 802 promotus:
866 718 921 802 qui
947 720 1129 786 tacentibus
1158 723 1308 787 ceterisa

103 809 224 874 stolida
249 808 383 872 audacia
404 807 495 872 ferox
519 807 691 871 admonere
715 828 769 871 eos
789 808 905 891 eoepit,
929 808 1079 893 quotiens
1101 811 1168 874 suis
1187 812 1274 895 quis-

103 920 165 983 que
186 897 388 980 deversoriis,
412 918 492 980 quae
512 899 732 980 occupassent,
753 897 967 979 proturbatus
986 902 1080 982 esset,
1102 902 1139 963 ut
1156 921 1274 984 purga·

103 992 213 1051 menta
241 1008 405 1052 servorum
428 985 577 1050 Philotae
600 985 820 1068 reciperentur
848 1006 900 1065 eo,
926 986 1010 1050 unde
1038 987 1275 1053 commilitones

103 1076 310 1159 expulissent.
356 1076 445 1138 Auro
469 1077 670 1158 argentoque
692 1073 842 1138 vehicula
865 1076 935 1140 eius
959 1080 1076 1140 onusta
1097 1077 1176 1142 totis
1195 1078 1309 1142 vicisa

103 1167 233 1231 stetisse
263 1187 300 1228 ac
326 1186 366 1227 ne
390 1164 425 1226 in
447 1162 599 1228 viciniam
622 1162 752 1246 quidem
774 1163 949 1229 deversorii
973 1186 1166 1248 quemquam
1190 1187 1275 1230 com·

103 1255 291 1318 militonum
308 1255 474 1336 receptum
497 1273 576 1335 esse,
600 1251 656 1315 sed
678 1273 737 1335 per
760 1251 945 1336 dispositos,
968 1274 1048 1337 quos
1072 1275 1170 1336 supra
1193 1277 1276 1319 som-

102 1365 181 1406 num
204 1342 356 1425 habebat,
381 1363 492 1406 omnes
514 1341 628 1424 procul
650 1342 827 1425 relegatos,
849 1363 890 1406 ne
913 1342 1035 1407 femina
1056 1342 1115 1406 illa
1137 1365 1276 1408 murmu-

103 1432 248 1495 rantium
262 1433 348 1495 inter
362 1452 395 1494 se
410 1430 541 1494 silentio
557 1429 664 1494 verius
683 1452 781 1514 quam
795 1452 875 1495 sono
891 1432 1091 1496 excitaretur.
1119 1429 1276 1496 Ludibrio
1295 1449 1312 1497 l.

103 1521 135 1584 ei
158 1520 258 1583 fuisse
282 1519 422 1583 rusticos
445 1517 593 1583 homines
617 1518 830 1603 Phrygasque
859 1523 891 1583 et
913 1518 1141 1603 Paphlagonas
1165 1521 1276 1604 appel-

102 1611 205 1691 latos,
239 1609 294 1692 qui
320 1629 385 1672 non
413 1608 628 1691 erubesceret,
659 1607 794 1672 Macedo
825 1611 936 1685 natus,
968 1607 1115 1673 homines
1143 1609 1277 1692 linguae

104 1719 182 1761 suae
210 1720 268 1780 per
295 1696 506 1780 interpretem
533 1695 653 1760 audire.
698 1694 794 1760 Nunc
821 1717 877 1760 eur
903 1695 1119 1761 Hammonem
1153 1698 1312 1762 consulis

104 1786 226 1850 vellet?
251 1785 386 1849 eundem
409 1784 496 1849 Iovis
521 1785 667 1868 arguisse
694 1784 896 1848 mendacium
924 1783 1147 1850 Alexandrum
1174 1787 1278 1851 filium

105 1875 348 1959 adgnoscentis,
375 1873 500 1938 scilicet
521 1872 674 1955 veritum,
700 1894 742 1936 ne
769 1873 964 1937 invidiosum
993 1876 1092 1956 esset,
1120 1874 1205 1957 quod
1233 1875 1279 1938 dii

106 1963 269 2028 offerrent.
315 1961 396 2028 (lum
420 1961 628 2026 insidiaretur
656 1961 757 2043 capiti
778 1961 865 2046 regis
890 1965 922 2025 et
945 1961 1054 2044 amici,
1076 1984 1142 2027 non
1165 1973 1312 2028 consu-s

105 2053 206 2116 luisse
230 2074 302 2115 eum
325 2051 449 2116 Iovem:
472 2072 557 2115 nunc
582 2049 622 2114 ad
645 2050 808 2114 oraculum
831 2050 972 2135 mittere,
995 2050 1071 2115 dum
1093 2055 1188 2136 pater
1209 2053 1278 2116 eius

107 2141 311 2223 sollicitetur,
335 2141 390 2223 qui
412 2141 536 2223 praesit
558 2139 593 2202 in
616 2138 732 2222 Media,
755 2143 788 2204 et
809 2139 955 2223 pecunia,
978 2140 1068 2205 cuius
1086 2141 1280 2205 custodiaeu'

107 2230 283 2294 commissa
306 2229 358 2312 sit,
380 2228 525 2312 perditos
548 2227 696 2292 homines
716 2227 758 2293 ad
777 2227 966 2293 societatem
985 2229 1114 2293 sceleris
1133 2228 1278 2312 inpellat.

106 2317 201 2402 Ipsos
225 2317 380 2383 missuros
405 2317 445 2381 ad
469 2316 645 2399 oraculum,
666 2338 732 2381 non
755 2317 811 2401 qui
829 2315 940 2382 Iovem
960 2318 1171 2403 interrogent,
1194 2318 1314 2402 quod?

109 2429 149 2469 ex
177 2427 253 2489 rege
277 2406 500 2490 cognoverint,
531 2406 586 2469 sed
610 2406 664 2489 qui
688 2407 812 2489 gratias
836 2409 949 2490 agant,
972 2407 1027 2490 qui
1050 2410 1128 2472 vota
1150 2428 1209 2491 pro
1233 2408 1278 2471 in·

111 2495 297 2559 columitate
320 2496 406 2578 regis
430 2494 547 2577 optimi
565 2494 763 2579 persolvant.
807 2493 890 2558 Tum
908 2516 985 2560 vero
1004 2496 1153 2560 universa
1172 2496 1279 2560 contio
1298 2506 1314 2554 8

320 2722 383 2776 Car.
402 2722 449 2775 XI.

146 2837 169 2881 1.
190 2829 306 2883 Belou.
340 2829 424 2883 Sonst
440 2829 521 2883 nicht
533 2828 666 2883 bekannt.

107 2929 141 2939 -
159 2901 259 2967 pacis
273 2902 397 2954 artium
410 2903 463 2954 ete.
488 2899 667 2955 Uebersetue:

110 2971 216 3024 ‘edlere
236 2970 358 3039 Bildung
380 2971 436 3024 und
455 2970 559 3026 feinere
577 2970 668 3026 (lesit

107 3046 179 3110 tung
203 3041 363 3096 friedlichcr
384 3042 516 3112 Bdrgcr’3
539 3048 610 3097 urtee
634 3068 667 3088 =

107 3109 208 3179 τρόποι
221 3113 259 3166 ist
269 3113 309 3166 oft
323 3112 452 3167 ziemlich
465 3131 602 3183 synonym
615 3112 669 3168 mit

107 3182 668 3310 rreareumuamase

108 3327 207 3379 iisdem
221 3327 334 3380 artibus.
349 3332 581 3395 -promotus,
597 3327 667 3382 ‘be-

108 3397 268 3462 fbrdert',
295 3397 324 3451 in
350 3397 454 3451 diesem
477 3397 561 3451 Sinna
583 3399 668 3452 nuch-

109 3467 245 3521 classisch
262 3468 307 3520 fur
320 3469 464 3522 traductus
478 3469 588 3536 (Caes),
602 3484 667 3536 pro·

109 3539 222 3607 duetus,
237 3545 379 3607 prouectus
397 3539 486 3607 (Cic).

147 3616 172 3662 2.
206 3627 287 3678 puae
318 3615 543 3677 occupassent.
588 3609 669 3664 Sinn:

111 3680 157 3734 die
180 3680 265 3734 ihnen
288 3682 367 3735 nicht
389 3680 475 3734 allein
497 3681 670 3750 aagewiesen

110 3767 219 3819 waren,
243 3753 361 3806 sondern
383 3769 440 3806 von
457 3752 547 3806 denen
565 3752 604 3806 sie
622 3753 670 3806 be-

111 3823 180 3876 reits
190 3823 281 3877 Besitz
296 3823 425 3893 ergrillen
435 3823 581 3878 hatten-
588 3840 670 3892 pur·

111 3900 265 3962 pumicata
282 3911 462 3961 servorum,
479 3894 532 3949 wie
551 3900 576 3949 8.
596 3900 620 3948 5.
640 3901 670 3963 83

114 3971 156 4020 10.
185 3972 209 4019 2.
239 3973 261 4020 7.
287 3983 367 4036 purg.
396 3967 513 4021 urbium.
561 3965 671 4035 Pampa-

112 4041 204 4090 memto
223 4061 256 4082 =
278 4037 463 4091 ‘Auswurf'
487 4036 528 4090 im
547 4037 670 4091 dhertra·

721 2687 881 2742 schwtcher
899 2687 941 2740 als
959 2688 1144 2755 frementium,
1163 2692 1281 2755 strepere·

720 2758 799 2822 tu'um,
816 2756 979 2811 bezeichnet
997 2758 1051 2812 den
1070 2756 1203 2826 dumpfen
1221 2757 1281 2813 Tou

721 2828 770 2882 des
787 2825 940 2883 Gefldsters
959 2827 1036 2883 einer
1052 2829 1121 2882 leisc
1139 2829 1282 2883 redenden

720 2897 829 2970 Menge.
848 2929 880 2939 -
899 2900 1038 2954 silentio
1056 2901 1282 2969 coctusquam

721 2987 814 3040 aomo,
846 2970 908 3026 eine
934 2971 1095 3026 manierirte
1123 2971 1281 3041 Wendung‚

721 3041 778 3110 vgl.
805 3043 919 3098 uomina
945 3045 1037 3098 uerius
1063 3060 1145 3112 quum
1170 3043 1282 3097 auxilia

757 3189 783 3240 4.
799 3185 945 3239 rusticos
958 3186 1110 3239 homiues.
1129 3184 1282 3237 Alssolche

721 3254 901 3310 bezeichnete
919 3253 992 3310 Phil.
1012 3255 1088 3310 seine
1104 3253 1281 3308 Landsleute.

722 3325 775 3380 Die
783 3325 920 3394 Phrygier
934 3325 992 3378 und
1004 3324 1208 3395 Paphlagonier
1220 3324 1280 3394 gol-

721 3395 770 3451 ten
787 3395 830 3450 als
847 3395 1025 3450 besehrtukt.

758 3472 783 3520 5.
814 3467 1032 3523 inuidiosum.
1073 3468 1127 3522 Zur
1150 3467 1240 3522 Seche
1259 3485 1280 3521 s.

723 3545 747 3593 9.
768 3543 815 3602 18;
840 3544 881 3593 10.
901 3543 948 3605 263
971 3539 1072 3594 seilicet
1088 3539 1128 3593 ist
1145 3538 1280 3607 ironisch3

723 3610 772 3664 der
785 3608 924 3679 Spreohcr
937 3610 1033 3678 meint,
1049 3609 1122 3664 Phil.
1135 3611 1208 3664 habe
1223 3611 1281 3666 die-

723 3698 766 3735 ses
784 3680 874 3736 Motiv
892 3698 944 3734 nur
962 3682 1131 3736 crheuehelt.

760 3757 785 3807 6.
803 3753 945 3819 mittere,
963 3753 999 3808 de
1017 3755 1119 3808 conatu
1131 3753 1184 3807 wie
1198 3754 1281 3819 facie-

724 3824 787 3877 bam
801 3829 842 3877 10.
854 3829 896 3878 27.
913 3855 943 3863 -—
959 3825 1142 3893 praesrtim
1157 3823 1195 3877 M
1198 3825 1281 3878 edua.

725 3893 761 3948 So
780 3910 865 3964 eugen
888 3896 961 3950 auch
980 3894 1036 3951 Cic.
1054 3895 1112 3950 und
1129 3895 1189 3948 Liv.
1209 3895 1282 3948 ohne

725 3965 904 4036 beigelugten
913 3967 999 4022 Dutiv
1008 3982 1133 4036 preessae
1144 3967 1177 4019 im
1188 3965 1283 4033 aliqua

725 4038 803 4105 urbe,
821 4039 936 4108 maiorm.

113 4124 205 4175 genen
220 4106 303 4161 Siune
321 4109 359 4161 ist
375 4106 588 4163 nachclassiech.
622 4108 673 4162 Bei
762 4115 786 4164 7.
805 4110 1028 4179 ccyucueru‘mt.
1060 4108 1113 4161 Zur
1123 4106 1211 4162 Suche
1225 4108 1282 4175 vgl.

113 4177 276 4232 Classikern
293 4178 386 4232 dafdr:
404 4180 483 4246 faece,
501 4180 618 4233 scutum.

149 4254 174 4302 3.
208 4250 289 4302 totis
316 4249 414 4318 vicie,
440 4249 545 4303 libers:
573 4249 673 4318 ‘ganne

113 4319 242 4372 Strassen
262 4319 397 4388 entlang'.
417 4349 450 4361 -
468 4336 574 4388 supra
592 4336 672 4374 som-

111 4407 189 4444 mum
204 4407 224 4443 e.
241 4396 264 4443 7.
279 4396 321 4444 22.
332 4419 365 4429 -
379 4391 673 4459 murmurantium,

726 4178 771 4234 die
790 4180 888 4234 Worte
913 4180 961 4233 des
980 4179 1106 4233 Philotas
1127 4185 1166 4233 10.
1186 4183 1229 4232 28.
1248 4210 1282 4217 -

722 4253 927 4319 persolvant.
964 4255 1027 4304 vota
1048 4251 1161 4315 solvere,
1179 4252 1282 4319 persol-

725 4337 785 4375 uere
797 4321 836 4376 ist
848 4321 928 4375 nicht
941 4319 1093 4375 Gelabde
1111 4320 1197 4375 thun
1208 4324 1287 4386 <actu

725 4409 899 4463 muucupurc,
912 4392 1076 4461 suscipere),
1085 4392 1231 4445 condem:
1247 4391 1311 4441 ὼ
