2790 4792
156 234 220 299 146
611 232 642 297 Q.
664 232 878 296 CURTIRUTI

156 398 287 484 dignus,
319 397 460 480 hercule,
492 396 547 480 qui
573 417 659 460 nunc
683 416 809 479 quoque
831 397 942 459 tantae
966 397 999 460 et
1021 396 1280 461 mansuetudinis
1304 402 1338 462 et

101 505 137 553 24
156 485 373 552 continentiae
399 485 483 549 ferat
508 483 658 548 fructum.
709 481 813 548 Semel
841 483 974 548 omnino
1002 504 1073 547 eam
1100 484 1238 569 viderat,
1270 508 1334 570 quo

156 570 206 638 die
239 577 333 657 capta
365 576 427 656 est,
459 594 519 636 nec
550 575 587 635 ut
617 573 736 655 ipsam,
769 571 824 635 sed
856 574 893 634 ut
918 570 1016 635 Darei
1042 576 1180 637 matrem
1202 573 1336 658 videret,

156 663 368 746 eximiamque
390 659 661 744 pulchritudinem
684 660 807 724 formae
830 660 898 723 eius
921 682 989 725 non
1010 660 1156 725 libidinis
1175 662 1336 726 habuerat

155 751 417 832 invitamentum,
440 748 496 813 sed
520 749 649 832 gloriae.

102 860 137 908 25
244 839 273 902 l]
306 837 516 922 spadonibus,
552 838 607 919 qui
643 837 728 900 circa
754 837 902 921 reginam
930 840 1034 919 erant,
1067 837 1218 920 Tyriotes
1250 839 1391 904 interl·

155 927 403 1011 trepidationem
428 925 608 1010 lugentium
632 925 759 1007 elapsus
782 945 839 1007 per
862 946 934 988 eam
956 928 1097 1008 portam,
1130 948 1226 1010 quae,
1259 928 1336 1010 quia

156 1014 198 1079 ab
230 1015 323 1079 hoste
356 1036 469 1078 aversa
501 1016 582 1096 erat,
618 1013 720 1076 levius
748 1010 1001 1096 custodiebatur,
1038 1014 1079 1077 ad
1101 1013 1201 1078 Darei
1229 1019 1336 1079 castra

156 1104 303 1188 pervenit
329 1105 542 1187 exceptusque
571 1101 763 1186 evigilibus
790 1102 826 1165 in
847 1101 1090 1165 tabernaeulum
1113 1102 1199 1187 regis
1221 1103 1336 1186 perdu-

104 1212 138 1260 as
158 1192 253 1275 citur,
285 1212 416 1276 gemens
449 1193 482 1254 et
512 1193 600 1254 veste
627 1190 775 1253 lacerata.
821 1188 924 1264 Quem
951 1193 987 1252 ut
1010 1191 1178 1274 conspexit
1200 1189 1335 1275 Dareus,

157 1279 329 1362 multiplici
357 1278 476 1342 doloris
503 1278 725 1362 expectatione
748 1280 928 1342 commotus
952 1282 997 1356 et,
1029 1279 1106 1361 quid
1129 1279 1336 1362 potissimum

157 1369 299 1451 timeret,
331 1368 487 1450 incertus,
519 1364 680 1449 ‘Vultus',
711 1365 830 1450 inquit,
863 1364 953 1430 ‘tuus
974 1367 1084 1431 nescio
1108 1367 1194 1451 quod
1217 1369 1335 1452 ingens

157 1458 279 1521 malu'm
306 1454 461 1539 praefert,
494 1454 550 1519 sed
573 1475 649 1518 cave
673 1454 783 1518 miseri
804 1454 946 1537 hominis
971 1455 1101 1519 auribus
1124 1477 1252 1538 pareas:
1290 1456 1336 1519 di·

158 1544 220 1609 dici
243 1566 312 1608 esse
335 1542 457 1626 infelix,
480 1546 513 1607 et
535 1563 630 1627 saepe
654 1542 846 1607 calamitatis
870 1543 1024 1608 solacium
1043 1547 1093 1607 est
1106 1565 1202 1609 nosse
1217 1548 1337 1608 sortem

105 1652 139 1702 27
159 1655 259 1698 suam.
304 1630 405 1715 Num,
433 1632 519 1716 quod
546 1632 684 1695 maxime
708 1630 853 1714 suspicor
875 1634 908 1694 et
930 1632 1037 1715 eloqui
1058 1632 1171 1716 timeo,
1199 1632 1339 1697 ludibria

157 1742 303 1787 meorum
325 1721 531 1784 nuntiaturus
555 1741 602 1804 es,
629 1719 709 1783 mihi
732 1723 777 1802 et,
804 1724 842 1783 ut
864 1719 972 1802 eredo,
994 1720 1074 1803 ipsis
1097 1742 1224 1805 quoque
1249 1722 1339 1784 omni

106 1829 139 1879 28
158 1810 302 1874 tristiora
329 1807 521 1892 supplicio‘?’
567 1807 619 1872 Ad
645 1808 725 1872 haee
747 1806 908 1891 Tyriotes,
941 1807 1049 1872 ‘istud
1072 1809 1202 1892 quidem
1225 1811 1338 1892 procul

12 1928 15 1935 ·
159 1896 276 1982 abest',
298 1897 416 1981 inquit:
440 1894 728 1981 ‘quantuscumque
752 1897 839 1960 enim
861 1897 981 1980 reginis
1004 1897 1109 1962 honos
1133 1897 1173 1961 ab
1197 1897 1258 1979 his,
1282 1898 1337 1981 qui

158 1989 281 2071 parent,
303 1985 416 2049 haberi
437 1989 555 2069 potest,
575 1985 641 2069 tuis
665 2007 685 2048 a
706 1985 827 2049 victore
851 1988 995 2049 servatus
1019 1988 1077 2069 est,
1100 1985 1157 2049 sed
1178 2007 1261 2050 uxor
1280 1990 1338 2050 tua

105 2094 140 2144 29
157 2075 256 2159 paulo
289 2077 363 2138 ante
395 2074 531 2139 excessit
563 2095 580 2136 e
611 2071 700 2137 vita?
745 2072 836 2137 Tunc
864 2095 941 2138 vero
968 2095 1036 2138 non
1064 2074 1203 2159 gemitus
1231 2074 1337 2158 modo,

159 2163 215 2229 sed
244 2162 341 2227 etiam
368 2161 505 2227 eiulatus
532 2161 612 2226 totis
641 2162 756 2226 castris
780 2162 1039 2226 exaudiebantur.
1084 2160 1154 2226 Nee
1177 2162 1339 2226 dubitavit

158 2249 294 2335 Dareus,
317 2251 396 2335 quin
417 2249 589 2315 interiecta
612 2253 705 2334 esset,
728 2251 804 2334 quia
825 2250 993 2333 nequisset
1015 2250 1245 2315 contumeliam
1267 2273 1337 2334 per-

158 2341 235 2426 peti,
259 2340 480 2423 exclamatque
504 2361 614 2404 amens
638 2338 763 2403 dolore:
787 2337 892 2414 ‘Quod
915 2359 975 2423 ego
999 2341 1128 2402 tantum
1143 2339 1236 2403 nefas
1251 2362 1337 2405 eom-

158 2429 246 2513 misi,
269 2427 473 2493 Alexander?
497 2449 593 2513 quem
615 2431 746 2492 tuorum
768 2428 1023 2511 propinquorum
1045 2427 1170 2509 necari,
1193 2427 1337 2491 uthans

159 2517 262 2582 vicem
290 2518 428 2582 redderes
455 2517 608 2582 saevitiae
637 2518 751 2580 meae?
798 2515 903 2580 Odisti
925 2537 990 2598 me,
1021 2536 1089 2579 non
1112 2515 1242 2599 quidem
1263 2537 1338 2599 pro-

159 2610 308 2672 vocatus:
347 2605 402 2670 sed
434 2605 522 2692 finge
554 2605 677 2670 iustum
708 2605 856 2669 intulisse
883 2607 916 2668 te
944 2604 1079 2686 bellum,
1111 2625 1184 2667 oum
1207 2602 1337 2668 feminis

106 2713 140 2761 30
160 2716 236 2781 ergo
269 2715 365 2779 agere
398 2693 588 2759 debuerasl'
635 2691 784 2777 Tyriotes
818 2693 985 2756 adfirmare
1017 2713 1075 2775 per
1107 2692 1184 2757 deos
1212 2693 1337 2775 patrios

159 2783 241 2846 nihil
267 2783 303 2844 in
330 2804 401 2846 eam
434 2783 564 2865 gravius
588 2803 658 2846 esse
687 2782 884 2847 consultum:
921 2781 1118 2866 ingemuisse
1141 2781 1240 2844 etiam
1263 2781 1337 2845 Ale-

160 2869 319 2934 xandrum
342 2871 441 2934 morti
465 2873 498 2933 et
519 2892 587 2934 non
613 2870 741 2953 parcius
764 2870 904 2953 flevisse,
933 2891 1031 2954 quam
1053 2869 1121 2952 ipse
1143 2869 1343 2934 lacrimaret.

107 2975 140 3025 31
160 2956 210 3022 Ob
233 2957 314 3020 haec
336 2957 406 3037 ipsa
429 2957 568 3021 amantis
592 2957 718 3022 animus
737 2958 773 3022 in
792 2956 1043 3023 sollicitudinem
1058 2956 1337 3042 suspicionemque

161 3045 325 3110 revolutus
358 3048 423 3127 est,
461 3045 652 3109 desiderium
690 3046 835 3130 captivae
871 3044 1016 3129 profecto
1054 3068 1073 3109 a
1106 3047 1336 3111 consuetudine

196 3261 238 3308 24.
252 3254 348 3309 semel
365 3272 386 3309 s.
406 3260 430 3309 3.
447 3259 487 3307 12.
503 3259 527 3308 3.
542 3284 577 3292 —
596 3254 723 3336 irreite-
753 3325 758 3335 ί
807 3261 854 3336 ,2⁵1.
874 3255 985 3323 eloqui
1003 3255 1090 3322 timeo,
1109 3256 1181 3309 anch
1200 3261 1224 3309 9.
1244 3262 1270 3336 t.
1291 3262 1339 3321 123

159 3331 300 3477 rerer
318 3324 649 3449 asturicens:
657 3324 723 3450 ..t
777 3396 847 3451 1.
855 3325 1194 3465 rader-..eat
1203 3326 1337 3477 ..Eu-..r

161 3465 207 3518 lab.
222 3470 438 3533 ruvrtumerrtum,
456 3467 503 3520 sed
515 3467 723 3521 irritamentum
776 3468 918 3537 ehrung,
936 3465 1168 3536 Verhthnung
1186 3483 1239 3521 wie
1260 3474 1301 3522 10.
1314 3475 1337 3520 1.

159 3536 271 3604 gloriae.
294 3534 359 3603 Vgl.
378 3536 450 3589 auch
468 3535 524 3591 Cio.
543 3553 606 3607 epp.
627 3543 721 3592 10.1o.
776 3544 951 3607 teorporum
964 3537 1096 3591 ludibria.
1119 3537 1254 3607 thfiger
1262 3538 1340 3592 steht

161 3612 177 3659 2
200 3620 257 3659 aori
274 3606 482 3660 irritamentum
500 3607 538 3660 od
555 3613 658 3676 tempus
676 3608 723 3662 sed
775 3608 822 3662 bei
836 3608 900 3663 dem
912 3607 1009 3661 Worte
1024 3607 1069 3662 ein
1082 3624 1144 3678 gen.
1160 3608 1339 3677 subiectivus,

156 3681 306 3746 perpetuae
318 3676 431 3730 ridetis
439 3679 596 3744 proemium
613 3696 640 3732 u.
655 3677 722 3732 and-
776 3695 805 3733 so
820 3678 885 3733 dass
901 3696 930 3733 es
943 3677 1091 3733 bedeutet:
1109 3678 1339 3748 Possenspiel,

160 3746 271 3801 rerseits
288 3745 490 3800 rucksiohtlieh
508 3746 557 3802 der
574 3747 722 3802 Wortstel-
777 3749 929 3818 Gespdtt.

159 3818 229 3888 lung
246 3819 334 3871 unten
352 3824 377 3872 9.
392 3822 416 3871 7.
431 3823 447 3870 3
465 3833 523 3872 aar
540 3823 597 3873 tam
614 3821 724 3887 imperii
812 3826 855 3874 29.
869 3821 1046 3888 nequisset,
1061 3819 1127 3874 weil
1140 3819 1180 3874 sie
1190 3819 1250 3874 sich
1259 3820 1339 3874 nicht

158 3889 290 3957 cupidior
308 3905 390 3957 quam
460 3890 617 3944 revertendi.
778 3890 847 3945 darn
865 3890 1034 3946 varstanden
1052 3891 1134 3959 habe,
1153 3890 1338 3961 Unwr’irdiges

196 3966 238 4014 25.
253 3977 267 4013 e
284 3959 505 4028 spadonibus,
525 3958 724 4014 Construktion
777 3980 810 4015 au
825 3961 956 4016 erleiden.
968 3993 1001 4000 -
1019 3962 1133 4030 uicem,
1151 3962 1208 4031 vgl.
1220 3961 1270 4016 Ov.
1284 3979 1338 4016 arn.

160 4030 213 4085 wie
233 4036 275 4085 10.
296 4036 320 4086 7.
340 4037 356 4085 8
375 4048 388 4085 e
406 4031 505 4100 qrdbus
520 4031 631 4085 Pithon.
658 4030 723 4084 Plu·
779 4040 801 4087 1.
814 4039 838 4087 6.
847 4039 881 4087 23
899 4033 981 4087 redde
997 4034 1081 4086 uicem
1098 4034 1210 4086 retemta
1226 4064 1259 4073 -
1274 4049 1339 4086 nore

159 4101 241 4155 taroh
257 4100 548 4171 nenntihnl'alqeuq
567 4101 668 4155 Arrian
683 4118 724 4155 er·
778 4104 921 4172 quidem,
951 4103 1079 4172 Stellung
1101 4103 1155 4157 wie
1178 4110 1203 4158 3.
1229 4110 1270 4156 11.
1296 4110 1337 4156 10.

161 4171 238 4225 zama
265 4173 318 4226 den
343 4171 453 4225 Vorfall
479 4190 532 4225 nur
559 4188 631 4240 ganz
656 4172 724 4225 lrurx
778 4205 812 4212 -
831 4190 939 4243 apere,
966 4173 1090 4228 ntmlich
1108 4190 1185 4239 rem,
1209 4174 1281 4228 doch
1300 4173 1340 4227 ist

162 4247 186 4292 4.
206 4246 248 4294 20.
777 4244 851 4298 anch
882 4243 928 4298 die
957 4243 1129 4314 Supplirung
1156 4261 1212 4300 von
1240 4246 1339 4300 bellum

197 4316 240 4366 26.
254 4315 411 4380 praefert
435 4330 455 4368 s.
475 4331 501 4366 v.
520 4327 545 4365 a.
574 4313 724 4380 vernath,
777 4313 914 4385 mdglich,
947 4314 984 4368 da
1016 4316 1114 4370 bellam
1146 4331 1224 4385 apere
1255 4316 1338 4369 keine

66 4364 138 4488 ι
163 4396 184 4431 ι.
204 4387 227 4434 6.
248 4387 316 4435 9.1.
777 4385 1284 4456 ganaungewdhnlicheVerbindung
1292 4385 1345 4439 ist..
