2790 4792
396 233 653 292 mercantum
670 233 887 293 maranum
903 236 939 308 x,
958 244 983 292 e.
1176 223 1181 235 '
1214 237 1280 305 237

104 403 157 468 tot
175 399 299 469 milium
319 398 503 483 agminibus
521 398 686 484 tantisque
705 399 865 473 classibus
878 401 1074 485 nequiquam
1087 401 1282 485 petiverunt.

104 486 179 555 Mea
213 489 374 555 sentemia
406 488 486 557 haec
518 491 583 570 est,
613 492 650 554 ut
678 487 753 555 sede
780 487 956 561 Alexandri
984 491 1019 555 in
1045 489 1333 576 regiaposita,15

104 577 170 660 qui
185 576 330 643 consiliis
355 576 423 642 eius
448 576 699 661 adhibebantur,
727 581 855 660 coeant,
882 577 1032 662 quotiens
1054 579 1089 642 in
1111 600 1280 649 commune
1305 610 1307 613 ’

105 665 256 733 consulto
285 687 367 749 opus
394 666 509 749 fuerit,
541 687 657 750 eoque,
687 665 772 750 quod
799 667 904 739 maior
930 689 1007 751 pars
1034 688 1145 733 eorum
1169 668 1281 739 ‘decre

104 755 203 838 verit,
226 757 343 820 suun:
365 755 463 824 duces
486 755 706 839 praefectique
727 755 892 838 copiarum
909 754 962 821 his
981 755 1138 841 pareant?
1173 755 1280 827 Ptole

103 865 198 909 maeo
223 843 366 928 quidam,
393 844 563 928 pauciores
586 841 758 913 Perdiccae
781 842 1056 913 adsentiebantur.
1102 845 1184 913 Tum
1208 845 1280 913 Ari·
1300 855 1332 904 16

104 937 219 997 stonus
241 954 333 997 orsus
353 936 403 998 est
422 933 538 1017 dicere,
561 931 781 1003 Alexandrum
800 933 996 1018 consultum,
1014 934 1066 998 cui
1083 934 1280 1019 relinqueret

104 1043 258 1106 regnum,
285 1022 427 1086 voluisse
455 1022 615 1104 optimum
644 1020 751 1107 deligi.
795 1020 977 1087 Iudicatum
1005 1026 1113 1087 autem
1143 1023 1279 1107 abipso

105 1110 267 1194 optimum
281 1109 477 1193 Perdiccam,
496 1111 549 1175 oui
568 1110 700 1174 anulum
718 1109 912 1174 tradidisset.
944 1109 1057 1195 Neque
1076 1112 1162 1176 enim
1180 1134 1280 1177 unum
1300 1122 1331 1172 17

106 1219 180 1272 eum
209 1198 371 1264 adsedisse
398 1199 563 1283 morienti,
593 1198 648 1263 scd
676 1197 955 1265 circumferentem
983 1200 1093 1264 oculos
1117 1222 1156 1267 cx
1182 1202 1279 1266 turba
1362 1207 1366 1216 '

107 1287 283 1352 amicorum
316 1287 488 1373 delegisse,
520 1286 572 1361 cui
603 1287 754 1355 traderet.
803 1286 936 1353 Placere
969 1288 1085 1374 igitur,
1120 1311 1280 1356 summam

105 1375 234 1459 imperii
259 1376 298 1441 ad
316 1375 504 1447 Perdiccam
527 1374 653 1441 deferri.
690 1375 758 1441 Nec
782 1375 985 1460 dubitavere,
1008 1377 1086 1461 quin
1109 1399 1186 1443 vera
1207 1399 1279 1444 cen-
1300 1387 1332 1436 18

105 1468 201 1529 seret.
237 1463 351 1549 Itaque
371 1464 513 1531 universi
531 1465 704 1549 procedere
722 1465 757 1529 in
775 1464 917 1530 medium
934 1463 1121 1535 Perdiccam
1141 1469 1174 1535 et
1191 1467 1279 1553 regis

105 1553 238 1619 anulum
261 1553 378 1619 tollere
396 1553 560 1628 iubebant.
596 1552 763 1621 Haerebat
781 1553 865 1620 inter
883 1552 1094 1641 cupiditatem
1111 1555 1280 1639 pudorem-

105 1663 168 1726 que
193 1645 239 1721 et,
263 1664 325 1727 quo
349 1643 527 1715 modestius
551 1641 637 1727 quod
660 1642 853 1726 expectabat
876 1646 1056 1727 appeteret,
1079 1644 1280 1728 pervicacius

105 1730 275 1799 oblaturos
295 1753 365 1796 esse
383 1731 545 1805 credebat.
581 1729 696 1815 Itaque
718 1733 888 1797 cunctatus
907 1730 1039 1819 diuque,
1062 1733 1139 1817 quid
1158 1737 1279 1824 ageret,
1300 1743 1332 1792 19

105 1820 248 1893 incertus
272 1821 314 1885 ad
336 1821 486 1887 ultimum
510 1823 622 1885 tamen
644 1819 778 1889 recessit
802 1823 933 1904 etpost
957 1842 1027 1904 eos,
1050 1821 1106 1907 qui
1130 1821 1279 1891 sederant

57 1909 259 1995 ilproximi,
286 1910 443 1974 constitit
487 1908 534 1973 At
560 1907 737 1994 Meleager,
764 1931 848 1973 unus
872 1931 889 1974 e
913 1908 1060 1991 ducibus,
1088 1910 1278 1977 confirmato
1297 1920 1333 1969 20

106 1997 229 2081 anime,
262 2019 358 2082 quem
384 1997 555 2063 Perdiccae
588 1997 750 2063 cunctatio
785 2003 942 2082 erexerat,
975 1996 1055 2065 ‘Nec
1083 1997 1115 2065 di
1146 1998 1279 2086 sierint'

106 2085 222 2173 inquit,
245 2086 294 2152 ‘ut
311 2086 489 2154 Alexandri
511 2087 642 2159 fortuna
663 2086 812 2171 tantique
834 2086 928 2172 regni
949 2085 1119 2173 fastigium
1141 2087 1177 2152 in
1197 2086 1279 2153 istos

105 2174 258 2247 humeros
281 2178 367 2240 ruat:
390 2175 538 2247 homines
563 2179 648 2240 certe
672 2197 739 2250 non
761 2175 875 2248 ferent.
917 2173 1009 2240 Nihil
1033 2174 1103 2241 dico
1127 2176 1166 2241 de
1188 2177 1280 2242 nobi-

58 2336 60 2339 ¹
105 2263 243 2329 lioribus
276 2286 372 2349 quam
399 2263 452 2329 hic
483 2268 547 2348 est,
580 2263 636 2330 sed
668 2263 707 2328 de
735 2264 813 2328 viris
845 2266 986 2348 tantum,
1019 2264 1136 2348 quibus
1167 2265 1278 2330 invitis

104 2352 189 2415 nihil
215 2354 340 2437 perpeti
361 2374 493 2419 necesse
516 2357 575 2418 est.
619 2352 689 2419 Nec
710 2374 786 2418 vero
810 2353 961 2436 interest,
988 2352 1137 2418 Roxanes
1160 2353 1278 2439 filium,
1297 2363 1330 2412 21

107 2440 296 2526 quandoque
322 2441 453 2527 genitus
481 2443 556 2527 erit,
588 2464 630 2506 an
656 2441 844 2507 Perdiccam
871 2461 982 2525 regem
1009 2441 1172 2526 habeatis,
1206 2464 1278 2508 cum

106 2528 170 2592 iste
193 2530 251 2596 sub
274 2531 394 2597 tutelae
422 2530 529 2614 specie
551 2550 687 2616 regnum
711 2534 925 2615 occupaturus
950 2530 1002 2595 sit.
1046 2529 1160 2615 Itaque
1182 2553 1277 2597 nemo

105 2617 138 2682 ei
160 2639 216 2682 rex
238 2619 359 2703 placet,
380 2619 446 2684 nisi
469 2619 525 2705 qui
547 2619 690 2685 nondum
713 2624 810 2691 natus
835 2622 894 2702 est,
918 2623 951 2684 et
969 2619 1004 2683 in
1021 2621 1115 2685 tanta
1133 2619 1278 2685 omnium

103 2705 314 2774 festinatione
349 2730 416 2774 non
446 2709 534 2773 iusta
566 2707 676 2792 modo,
712 2707 767 2772 sed
800 2707 899 2772 etiam
931 2707 1115 2772 necessaria
1147 2712 1277 2774 exactos

104 2816 231 2861 menses
260 2798 347 2862 solus
371 2800 520 2881 expectat
542 2800 576 2861 et
597 2797 664 2861 iam
687 2796 812 2862 divinat
834 2817 958 2862 marem
985 2818 1055 2863 esse
1078 2800 1278 2881 conceptum.

104 3018 137 3028 -
155 2989 366 3057 petiverunt,
383 2989 445 3044 hier
462 3015 496 3046 aa
513 2989 665 3045 crstrebt
717 2989 766 3058 qui
783 2989 850 3044 ecio
871 2988 898 3044 d.
916 2988 935 3045 i.
954 2989 1003 3044 der
1026 2988 1074 3044 ich
1091 2989 1277 3060 augeblich

102 3059 229 3115 haben:
716 3059 911 3119 mansuetis.
922 3091 955 3100 -
965 3061 1134 3125 sederant,
1151 3060 1277 3117 nbmlich

140 3135 182 3186 15.
196 3132 233 3184 ia
247 3146 412 3188 commane
425 3132 592 3198 consulto,
606 3129 662 3200 rgl.
717 3130 850 3190 mutand
859 3130 909 3186 der
921 3131 1169 3200 vorhergehenden
1179 3130 1275 3191 Scene

103 3205 128 3254 5.
148 3206 173 3257 9.
194 3207 240 3267 143
260 3208 285 3256 9.
306 3209 328 3258 1.
348 3208 391 3258 21.
411 3233 445 3242 -
468 3208 587 3271 stetur,
611 3201 664 3257 wie
717 3201 782 3272 Vgl.
798 3201 1081 3271 Plusqucruperfekta
1095 3201 1148 3256 wic
1165 3202 1276 3257 adscite

103 3271 166 3326 Liv.
195 3278 236 3327 34.
261 3279 304 3329 22.
330 3280 362 3327 13
389 3278 514 3333 staturae
541 3290 570 3328 eo
594 3275 664 3341 (ent
717 3278 793 3338 aaut,
807 3273 1023 3328 corastc'tcraatu⁸
1038 3277 1276 3327 stomacacen.

104 3342 259 3411 schlesccn,
289 3344 364 3401 mich
390 3343 438 3400 bei
465 3344 530 3399 dem
557 3363 591 3405 an
617 3345 665 3399 be·
754 3349 796 3399 20.
815 3343 883 3399 Nec
901 3342 1277 3400 dieicriatwieb.8.13.

103 3412 247 3484 mhigeu),
265 3416 446 3485 quodpiam
464 3415 629 3476 eemundus
716 3445 751 3456 -
784 3415 980 3484 facticium,
1011 3413 1155 3482 Hoheit,
1188 3414 1277 3475 hobe

143 3490 184 3540 16.
212 3487 430 3556 relinqueret,
456 3487 477 3540 t.
501 3487 521 3540 t.
545 3485 589 3540 fur
612 3485 672 3541 dus·
715 3486 872 3554 Aufgaba
897 3503 923 3539 u.
950 3484 1123 3554 Stellung,
1148 3484 1202 3540 wie
1224 3503 1276 3541 aa.

104 3554 297 3612 Hinterlaseen
315 3556 391 3614 eines
409 3556 560 3613 Erbthcilc.
716 3557 764 3612 bei
779 3555 808 3612 O.
820 3561 977 3626 putenm
990 3557 1104 3626 replico,
1117 3557 1276 3623 bammum,

143 3632 184 3682 18.
210 3644 300 3695 ocra,
322 3629 386 3685 di.
410 3629 469 3685 das
492 3628 662 3697 Richtige.
715 3629 845 3696 fortunae
861 3629 1012 3697 fastigium.
1028 3628 1113 3683 -de
1131 3627 1277 3684 nobilio-

103 3697 143 3752 So
162 3698 234 3753 auch
256 3699 435 3756 andcrwtrts.
455 3731 488 3740 —
507 3700 664 3755 haerebat
716 3699 812 3754 bibas
830 3700 894 3754 hart
907 3699 953 3754 fur
966 3700 999 3755 de
1011 3699 1057 3766 iis,
1070 3699 1119 3768 qui
1131 3700 1277 3755 nobiliores

150 3769 259 3837 dubiae
273 3787 419 3841 uesperum
432 3776 500 3837 erut,
514 3769 664 3829 wiesobon
717 3776 795 3836 acuat,
819 3769 922 3825 dacin
938 3768 1176 3840 Comparativsatz
1194 3769 1276 3839 folgt.

104 3839 152 3894 bei
179 3838 282 3897 Cicero.
330 3842 414 3898 Sonat
440 3841 560 3901 brauoht
582 3840 610 3896 O.
634 3840 665 3902 in
717 3841 829 3896 Ebensc
843 3841 958 3896 deutris
971 3841 1016 3895 fdr
1029 3841 1062 3896 de
1076 3841 1209 3907 omuibus,
1227 3842 1276 3910 qui

104 3909 288 3984 Verbindung
312 3913 365 3969 mit
386 3914 459 3969 iuter
480 3913 581 3968 immor
602 3913 665 3968 buc·
688 3965 689 3970 ,
717 3913 825 3982 quidem
852 3913 910 3967 ciri
935 3919 1008 3970 aaut.
1050 3912 1113 3981 Vgl.
1136 3917 1159 3966 9.
1181 3917 1275 3966 rear

103 3982 196 4038 silure.
231 3983 328 4038 Sieher
346 3984 448 4040 dechte
463 3982 492 4038 C.
506 3982 614 4039 hierbei
628 3999 666 4039 an
717 3983 796 4041 modo
813 3983 877 4038 cir-i.
913 3983 969 4038 Dar
984 3983 1115 4054 folgeude
1129 3984 1228 4052 quibus
1241 4007 1275 4029 =

104 4050 151 4106 die
176 4053 399 4124 Schauepielerei
421 4053 520 4109 Ulcere
542 4054 573 4109 in
594 4053 664 4124 glei-
718 4071 784 4113 sum
801 4054 845 4108 bie
862 4055 996 4124 (tutibus).

104 4125 187 4179 chem
205 4125 283 4180 Falle
298 4125 385 4195 (Suet.
401 4127 478 4182 Caes.
495 4127 547 4194 79).
562 4141 663 4180 -ec-
754 4131 796 4181 11.
815 4126 874 4181 cub
893 4129 953 4181 tut.
971 4125 1080 4194 specie
1097 4124 1150 4179 wie
1169 4131 1194 4180 9.
1209 4131 1234 4179 a.
1251 4130 1275 4178 ⁷.

100 4198 276 4264 pectebat,
304 4198 330 4254 d.
354 4196 372 4253 i.
401 4197 583 4253 erwartetc
611 4195 664 4251 mit
718 4195 1208 4267 -e'ueto,dbers.:bercchtigt.
1239 4195 1275 4251 So

103 4266 170 4321 dem
189 4267 391 4339 Nebenbegriff
406 4268 456 4323 des
474 4267 640 4329 Ereehnens.
717 4266 760 4322 oft
772 4267 847 4321 iacta
860 4282 953 4334 causa,
967 4267 1083 4336 quercla.
1095 4297 1128 4307 -
1140 4272 1276 4327 coactos

142 4343 183 4392 111
193 4339 424 4406 ίπσονιαε,ᾶ,11.
433 4337 664 4397 anscheinond
716 4353 852 4403 macces,
865 4336 993 4395 dblicher
1002 4336 1217 4406 Euphemismus
1230 4337 1276 4392 fur

104 4409 290 4481 unsohldssig.
316 4411 380 4481 Vgl.
391 4408 446 4468 eie.
460 4409 618 4466 incutite.
630 4415 663 4463 13
717 4408 768 4463 das
786 4407 864 4462 Ende
882 4406 932 4462 der
948 4407 1221 4495 schwangnnhaft.
1310 4386 1347 4516 Α
