2790 4792
115 199 159 265 58
568 199 601 265 Q.
619 197 731 255 cunm
747 199 834 255 RUFI

116 384 215 447 quarn
233 383 297 448 me,
318 362 384 447 qui,
406 362 436 427 si
455 361 521 427 tlbi
540 383 609 428 non
630 361 820 447 paruissem,
841 362 911 428 iure
929 362 1063 428 daturus
1086 361 1136 427 fui
1153 383 1287 446 poenas,

114 473 201 517 nunc
226 452 345 537 perire,
373 451 450 537 quia
477 451 594 536 parui?
642 449 756 536 Neque
784 451 869 516 enim
896 450 966 516 ulla
992 451 1057 516 alin
1082 451 1183 516 matri
1210 454 1288 515 tuae

114 540 327 624 persequendi
344 561 404 606 nos
422 542 598 623 causaest,
616 561 714 623 quam
729 539 814 624 quod
833 539 1011 605 utilitatem
1028 544 1120 605 tuum
1133 539 1288 604 muliebri

59 640 98 689 40
115 629 362 713 praeposuimus
389 629 524 713 gratiae.
572 646 610 694 vl
636 629 728 694 milia
759 626 972 694 Macedonum
1002 628 1148 713 peditum
1180 632 1214 693 et
1241 644 1288 694 Dc

115 717 241 802 equites
264 716 391 802 adduxi,
414 738 552 802 quorum
569 738 646 801 pars
664 719 815 782 secutura
832 739 884 782 me
900 739 968 782 non
984 721 1064 801 erat,
1087 717 1116 782 si
1133 716 1290 782 militiam

114 806 370 872 detrectantibus
398 806 565 892 indulgere
592 806 777 872 voluissem.
828 803 981 891 Sequitur
1007 826 1100 891 ergo,
1129 809 1180 888 ut,
1211 806 1291 889 quia

113 895 173 960 illa
195 898 331 980 propter
352 894 438 961 hanc
461 916 592 960 causam
614 894 768 961 irascitur
789 894 897 980 nobis,
925 897 961 960 tu
984 896 1116 978 mitiges
1139 897 1291 976 matrem,

117 984 175 1068 qui
196 985 275 1049 irae.
287 983 357 1050 eius
378 1005 440 1050 nos
463 981 636 1050 obtulisti'.

626 1174 708 1243 Ore.
730 1175 772 1244 IL

80 1315 95 1363 ι
204 1301 292 1369 Dum
310 1303 390 1367 haee
408 1300 571 1385 Amyntas
590 1301 669 1387 agit,
691 1300 776 1367 forte
795 1304 1057 1386 supervenerunt,
1080 1301 1135 1386 qui
1153 1299 1321 1367 fratremss

115 1392 184 1457 eius
205 1391 425 1473 Polemonem,
448 1390 487 1454 de
510 1411 575 1475 quo
597 1392 674 1455 ante
696 1395 747 1455 est
768 1389 899 1475 dictum,
920 1389 1100 1476 fugientem
1123 1391 1292 1455 consecuti

115 1481 262 1546 vinetum
288 1477 495 1545 reducebant
538 1476 662 1544 Infesta
690 1480 796 1544 contio
820 1479 874 1544 vix
896 1478 1038 1544 inhiberi
1061 1479 1183 1564 potuit,
1211 1479 1294 1564 quin

79 1581 97 1630 u
115 1567 266 1653 protinus
290 1590 348 1633 suo
367 1588 457 1633 more
479 1587 559 1633 saxa
580 1567 616 1632 in
633 1588 707 1633 eum
725 1567 853 1635 iaceret
893 1567 1003 1653 Atque
1019 1567 1076 1632 ille
1094 1589 1173 1633 sane
1190 1568 1293 1634 inter·

115 1657 208 1740 ritus,
231 1654 356 1742 ‘Nihil'‚
377 1655 495 1742 inquit,
518 1655 589 1741 ‘pro
612 1677 664 1721 me
682 1656 844 1742 deprecor,
867 1656 963 1723 modo
980 1677 1022 1721 ne
1039 1655 1179 1722 fratrum
1196 1657 1294 1724 inno·

115 1745 240 1812 centiae
271 1745 351 1832 fuga
381 1746 560 1829 imputetur
591 1766 674 1813 mea.
730 1743 821 1810 Haeo
854 1744 883 1810 si
915 1743 1041 1810 defendi
1073 1766 1139 1811 non
1170 1749 1293 1831 potest,

116 1856 225 1900 meum
248 1835 368 1901 crimen
391 1833 444 1900 sit.
487 1832 615 1899 Horum
634 1835 676 1899 ob
695 1833 729 1898 id
746 1833 854 1919 ipsum
871 1832 987 1898 melior
1004 1836 1180 1918 est'causa,
1203 1835 1293 1919 quod

77 1937 191 2008 aege,
220 1924 277 2008 qui
301 1922 449 2010 profugi,
472 1925 641 2008 suspectus
668 1921 762 1988 sum'.
806 1921 853 1987 At
878 1921 960 1987 haec
986 1921 1113 1988 elocuto
1136 1922 1294 1988 universa

115 2013 225 2079 contio
244 2012 381 2078 adsensa
399 2014 464 2076 est:
486 2011 641 2077 lacrimae
659 2010 774 2079 deinde
793 2010 944 2077 omnibus
961 2032 1094 2076 manare
1113 2015 1293 2095 coeperunt

115 2099 195 2166 adeo
213 2100 248 2165 in
266 2099 465 2167 contrarium
483 2102 619 2184 repente
636 2099 783 2185 mutatis,
800 2102 838 2165 ut
855 2099 917 2165 hoc
935 2099 1040 2164 solum
1057 2120 1117 2183 pro
1136 2120 1175 2164 eo
1194 2103 1293 2185 esset,

31 2269 34 2278 Ι
78 2205 97 2254 4
115 2189 202 2273 quod
224 2189 365 2254 maxime
386 2188 551 2269 laeserat,
575 2185 705 2254 Iuvenis
728 2191 799 2254 erat
820 2187 926 2273 primo
949 2187 1067 2253 aetatis
1089 2187 1168 2252 flore
1190 2190 1291 2273 pube

115 2299 221 2358 scens,
245 2299 341 2362 quem
363 2276 450 2342 inter
469 2275 595 2361 equites
618 2274 791 2342 tormentis
810 2273 961 2342 Philotae
979 2276 1191 2341 conturbatos
1211 2277 1293 2343 alie·

113 2387 174 2430 nus
197 2369 303 2430 terror
326 2365 520 2430 abstulerat:
548 2364 712 2430 desertum
735 2387 809 2431 eum
832 2388 852 2431 a
874 2363 1046 2431 comitibus
1068 2368 1103 2430 et
1124 2364 1291 2432 haesitan-

114 2457 181 2518 tem
208 2455 294 2519 inter
320 2452 504 2520 revertendi
529 2451 738 2539 fugiendique
761 2453 947 2538 consilium,
977 2453 1033 2538 qui
1060 2454 1163 2519 secuti
1187 2458 1292 2539 erant,

78 2546 360 2628 coccupaverrmt.
408 2541 443 2608 Is
469 2546 541 2608 tum
567 2541 645 2606 flere
672 2543 780 2627 coepit
808 2546 842 2607 et
869 2563 906 2608 os
930 2564 1023 2607 suum
1045 2543 1292 2628 converberare‚

150 2741 193 2790 40.
213 2735 260 2790 VI
266 2736 371 2790 milia.
389 2733 673 2805 Stimmtnichtganu
763 2741 788 2792 3.
806 2734 851 2790 At
867 2735 947 2789 tace
964 2735 1101 2789 elocuto.
1129 2733 1183 2789 Die
1197 2736 1295 2790 scharf

114 2805 168 2860 mit
185 2810 210 2862 5.
231 2812 255 2860 1.
274 2812 317 2861 40.
726 2805 861 2861 betonteu
869 2805 967 2861 Worte
981 2810 1010 2859 at
1020 2806 1087 2860 boec
1100 2805 1196 2860 bilden
1208 2807 1293 2862 einen

728 2875 884 2946 Gegensatz
907 2895 941 2931 nu
963 2876 1027 2930 dem
1049 2874 1152 2945 obigen
1174 2879 1225 2931 rix
1245 2879 1291 2932 ia·

336 2927 398 2983 ⁰⁰·
417 2927 452 2983 Π·
727 2947 815 3002 tiberi
827 2949 930 3016 potuit,
948 2964 980 3002 so
998 2947 1063 3002 dass
1081 2946 1131 3002 der
1149 2947 1217 3002 Sata
1235 2948 1290 3003 mit

152 3021 175 3070 1.
195 3021 271 3071 autc
289 3021 337 3070 eat
354 3017 493 3084 dietum,
510 3016 636 3072 ntmliclr
649 3022 674 3072 1.
726 3023 809 3088 utque
828 3035 883 3072 nur
905 3018 948 3072 als
966 3017 1029 3072 eine
1046 3018 1099 3072 Art
1115 3016 1291 3074 Parenthese

115 3093 157 3142 10.
172 3117 206 3126 —
224 3102 283 3142 suo
301 3102 400 3155 more,
419 3087 447 3141 d
460 3087 480 3144 i.
493 3088 590 3156 patrie
603 3103 675 3143 more
728 3088 876 3144 erecheint
921 3086 1100 3144 Netflrlicher
1129 3094 1204 3144 ware
1232 3095 1292 3145 tum

114 3157 167 3213 wie
190 3164 215 3215 8.
240 3165 282 3213 11.
306 3163 349 3215 20.
386 3157 497 3213 Ebeneo
524 3159 569 3213 cui
590 3160 674 3214 morie
726 3175 788 3214 cero
807 3158 956 3214 oderbuec
973 3175 1035 3214 cero
1052 3160 1213 3214 elocuto—
1232 3162 1292 3217 hcc

113 3232 201 3285 unten
220 3235 343 3285 10.6u.
363 3235 388 3286 9.
407 3235 432 3284 4.
450 3235 495 3284 24.
528 3227 610 3284 Naeh
622 3231 673 3283 Ar·
726 3231 833 3285 colum
864 3254 898 3276 ε-
930 3229 1003 3284 dies
1034 3229 1143 3285 allein
1174 3231 1291 3288 sehon

113 3299 175 3356 rian
201 3301 280 3356 holte
308 3299 445 3371 Amyntas
470 3300 558 3357 selbot
584 3300 674 3356 nach
727 3300 791 3370 Vgl.
809 3301 897 3356 unten
913 3301 1043 3356 eoluml.
1064 3307 1105 3355 11.
1142 3300 1180 3355 So
1196 3302 1293 3357 bleibt

113 3370 226 3426 seiner
243 3371 520 3443 Ereispreohung
537 3371 593 3426 den
605 3371 674 3426 Bru-
729 3371 877 3438 ‘sehon'‚
896 3371 949 3427 wie
967 3373 1049 3440 eret,
1067 3389 1130 3425 nur
1146 3389 1174 3425 u.
1189 3372 1291 3443 (tergi,

113 3440 163 3497 der
180 3442 285 3497 herbei.
726 3442 824 3512 htuflg
859 3442 1085 3513 unausgedruclrt
1118 3442 1165 3498 bei
1197 3443 1291 3514 zahl,

148 3517 175 3566 2.
193 3528 272 3567 eane
289 3514 486 3582 interritus,
502 3512 674 3569 auffallende
728 3513 1030 3583 Massbestimmuugen
1059 3512 1117 3567 und
1143 3511 1293 3569 Pronomi-

113 3581 328 3653 Wortstellung‚
346 3583 384 3638 da
402 3584 483 3638 nicht
500 3583 554 3639 wie
567 3590 592 3640 3.
603 3588 673 3640 6.11
726 3583 816 3641 nibus.
852 3583 1015 3639 Deutlicher
1040 3588 1115 3638 ware
1139 3585 1172 3639 td
1196 3586 1292 3654 spem

113 3651 160 3706 ein
169 3650 419 3724 Gegensatafolgt
438 3653 675 3710 Vielleichtlraud
726 3655 792 3712 rbm.
838 3655 970 3710 Gemeint
995 3655 1033 3710 ist
1059 3654 1109 3710 das
1135 3654 1290 3712 Verlasaen

112 3725 357 3792 rauriacorum,
379 3742 438 3780 was
460 3724 675 3794 auchgutmit
726 3725 778 3780 der
799 3725 919 3793 Bruder‚
947 3726 997 3780 das
1022 3725 1064 3780 als
1086 3723 1220 3797 Peigheit
1242 3744 1292 3797 ge·

113 3798 165 3858 §l
190 3792 322 3851 stimmen
343 3790 446 3851 wurde.
470 3827 504 3836 -
526 3796 675 3864 fratrum
727 3795 826 3852 deutet
842 3797 956 3852 worden
973 3812 1039 3853 nar.
1075 3796 1140 3868 Vgl
1158 3801 1175 3862 θ
1194 3803 1210 3852 6
1230 3799 1292 3866 fra·

113 3865 342 3934 innocentiae,
360 3884 382 3922 s.
396 3884 423 3923 v.
437 3883 463 3924 a
480 3867 618 3933 fratrebus
629 3867 674 3922 ic·
727 3871 801 3922 tum
818 3867 944 3924 aaaron

113 3937 284 4006 mentitae,
312 3955 333 3992 e.
354 3937 428 3993 Einl.
449 3943 466 4004 ξ
484 3944 556 4006 6·c.;
582 3939 674 4008 impa-
761 3944 788 3993 4.
807 3939 942 3995 alienae
959 3955 1053 3994 sua.
1067 3938 1194 3994 eliorum.
1223 3939 1290 4010 Vgl.

113 4009 174 4060 ture
186 4007 274 4062 alicui
287 4009 394 4079 aliquid
406 4010 474 4065 aber
487 4009 674 4077 fultribaere,
727 4009 818 4066 auem
835 4011 930 4066 scelere
945 4016 971 4066 8.
985 4016 1010 4066 6.
1025 4015 1049 4064 6.
1063 4039 1100 4050 -
1112 4011 1290 4066 haccitan-

114 4077 227 4131 erimim'
257 4085 356 4134 vertere
386 4079 426 4134 iet
456 4079 673 4136 nachclassiseh.
727 4085 804 4148 tcm,·
821 4081 955 4143 classisch
967 4098 1020 4134 nur
1032 4080 1146 4136 absolut
1156 4080 1227 4136 oder
1236 4081 1290 4136 mit

115 4144 152 4198 Es
170 4163 228 4202 war
247 4148 444 4220 ursprunglich
464 4150 510 4205 ein
526 4150 674 4207 Ausdruek
726 4153 760 4207 ta
777 4169 814 4208 rc.
848 4151 877 4207 0.
892 4151 1039 4207 verbindet
1052 4151 1102 4206 das
1116 4151 1201 4207 Wort
1213 4153 1290 4207 nach

115 4212 451 4298 deslteehnungewesens
465 4244 500 4266 ι-
516 4220 619 4275 ‘ciuem
632 4224 673 4277 et-
725 4222 864 4292 Analogie
882 4239 939 4278 von
960 4224 1106 4292 studuere,
1127 4238 1290 4291 euspeaema

113 4298 174 4341 w
200 4303 230 4340 111
256 4289 445 4361 Anrechnnng
470 4289 610 4360 briugen'.
638 4323 673 4333 -
725 4309 781 4350 erac
797 4293 942 4350 mehrfach
961 4292 1015 4348 mit
1030 4295 1111 4348 inter.

148 4367 233 4424 Μ’,
254 4357 591 4437 danenichtgellohen
603 4361 675 4422 sind.
763 4369 789 4421 o.
820 4365 1071 4430 coaverbrrcre,
1102 4363 1207 4419 ebenso
1236 4363 1290 4420 wie
