2790 4792
147 247 210 312 153
598 237 630 305 o.
650 237 761 298 caari
777 236 865 290 arri

94 432 127 482 15
146 412 227 477 dant
248 408 356 494 ipsum
377 427 486 496 regem
508 411 544 474 in
566 410 681 475 eastris
704 426 782 475 esse.
828 400 987 491 Celerum,
1010 405 1038 473 si
1059 403 1144 473 forte
1164 408 1322 474 Ariobar-

147 522 242 565 zanes
265 500 471 584 cognovisset
492 520 550 583 per
573 499 703 563 callium
725 497 892 562 anfractus
914 519 945 561 se
967 498 1089 561 intrare
1112 504 1145 562 et
1167 498 1208 562 ad
1228 520 1321 563 oecu-

94 610 127 660 le
145 589 288 672 pandum
310 589 372 652 iter
394 610 488 652 suum
510 591 635 671 partem
658 587 823 670 copiarum
840 589 1030 669 temptasset
1048 607 1220 670 opponere,
1243 585 1320 651 Gra-

146 681 234 741 terus
262 698 336 741 eum
357 676 458 740 inlato
480 679 604 740 terrore
626 675 792 758 retineret,
821 674 862 737 ad
889 674 1022 757 propius
1043 675 1222 757 periculum
1245 697 1320 739 con-

146 787 314 829 versurum
337 784 468 849 agmen:
501 765 553 827 sin
581 767 689 827 autem
715 763 784 845 ipse
806 762 934 826 hostem
955 763 1123 826 fefellisset
1145 767 1178 826 et
1201 763 1321 827 saltum

146 856 344 936 occupasset,
367 874 441 917 oum
458 852 690 934 trepidantium
707 851 918 915 barbarorum
936 852 1112 915 tumultum
1131 851 1322 935 exaudisset,

145 962 341 1024 persequens
362 944 433 1004 tum
455 961 565 1024 regem
587 939 621 1003 id
642 940 749 1023 ipsum
771 940 842 1022 iter,
865 960 929 1024 quo
952 939 1056 1021 pridie
1078 940 1164 1022 pulsi
1182 940 1323 1022 fuerant,

144 1051 186 1093 ne
214 1029 377 1093 dubitaret
402 1028 542 1113 ingredi:
579 1028 698 1112 quippe
724 1049 861 1092 vacuum
888 1027 957 1091 fore
984 1027 1133 1091 hostibus
1160 1028 1197 1090 in
1219 1034 1322 1092 semet

94 1138 127 1186 1⁷
147 1119 276 1182 aversis.
321 1117 394 1201 Ipse
420 1117 518 1181 tertia
543 1116 655 1201 vigilia
683 1116 791 1180 silenti
814 1115 943 1200 agmine
966 1137 1004 1179 ae
1026 1136 1067 1178 ne
1089 1116 1170 1180 tuba
1192 1117 1321 1200 quidem
1333 1114 1377 1179 15

146 1205 223 1271 dato
256 1206 350 1291 signo
379 1205 487 1291 pergit
516 1205 557 1269 ad
585 1205 840 1269 demonstratum
866 1204 928 1266 iter
956 1203 1100 1267 callium:
1136 1204 1237 1268 tridui
1264 1206 1322 1269 ali-

94 1315 128 1363 18
146 1298 257 1359 menta
283 1298 414 1378 portare
439 1294 576 1358 militem
597 1294 737 1356 iusserat
757 1292 871 1356 leviter
894 1296 1087 1369 armatum„
1109 1290 1171 1356 Sed
1193 1298 1323 1375 praeter

145 1382 251 1447 invias
283 1404 379 1466 rupes
412 1403 449 1445 ac
476 1384 651 1465 praerupta
677 1402 768 1463 saxa,
798 1379 972 1464 vestigium
1001 1380 1137 1444 subinde
1164 1381 1324 1465 fallentia,

146 1471 202 1533 nix
224 1470 388 1534 cumulata
409 1473 506 1533 vento
529 1469 746 1553 ingredientes
768 1467 942 1552 fatigabat:
965 1468 1084 1552 quippe
1105 1468 1195 1532 velut
1216 1471 1252 1533 in
1275 1469 1322 1534 fo-

147 1579 223 1621 reas
246 1557 344 1621 delati
366 1557 599 1621 hauriebantur
622 1560 668 1640 et,
699 1578 773 1620 cum
800 1578 820 1619 a
843 1556 1114 1621 commilitonibus
1137 1557 1322 1621 adlevaren-

95 1664 128 1713 19
148 1647 216 1728 tur,
251 1645 426 1710 trahebant
461 1647 566 1730 magis
599 1645 803 1728 adiuvantes,
839 1666 937 1728 quam
969 1645 1195 1728 sequebantur.
1248 1645 1323 1711 Nox

148 1754 275 1817 quoque
301 1739 335 1797 et
360 1734 474 1818 ignota
496 1735 586 1819 regio
610 1755 648 1797 ac
671 1734 736 1797 dux
758 1770 801 1779 —
824 1733 982 1797 incertum
1005 1755 1047 1796 an
1071 1734 1149 1797 satis
1171 1734 1256 1797 fidus
1282 1772 1321 1780 -

146 1820 407 1905 multiplicabant
424 1825 560 1886 metum:
584 1823 612 1886 si
630 1821 778 1887 custodes
796 1820 973 1904 fefellisset,
992 1823 1083 1904 quasi
1101 1821 1187 1885 feras
1200 1822 1323 1886 bestias

146 1909 237 1992 ipsos
263 1931 358 1993 posse
386 1908 589 1994 deprehendi.
634 1909 686 1984 nx
711 1910 809 1974 unius
836 1909 955 1992 captivi
982 1911 1034 1973 vel
1056 1909 1118 1974 fide
1140 1911 1192 1973 vel
1215 1912 1324 1974 anima

94 1997 287 2080 rependere
314 2001 347 2061 et
368 1999 454 2082 regis
478 1999 616 2061 salutem
639 2001 672 2060 et
694 2019 794 2061 suam.
839 1995 984 2061 Tandem
1006 2018 1123 2062 venere
1145 1998 1179 2061 in
1202 1999 1324 2083 iugum.

147 2085 179 2147 A
201 2084 314 2149 dextra
339 2085 401 2149 iter
429 2085 469 2148 ad
495 2086 604 2169 ipsum
627 2085 867 2150 Ariobarzanen
894 2088 973 2149 erat.
1017 2085 1080 2150 Hie
1102 2085 1267 2150 Philotam
1291 2093 1325 2150 et

148 2170 280 2237 Coenon
316 2194 388 2237 cum
420 2173 567 2256 Amynta
603 2177 636 2237 et
666 2173 916 2257 Polyperconte,
952 2175 1134 2256 expeditam
1164 2174 1323 2239 habentes

148 2282 289 2344 manum,
310 2261 472 2345 relinquit,
494 2261 645 2345 monitos,
666 2265 713 2346 ut,
736 2263 810 2345 quia
833 2265 866 2326 et
888 2283 985 2345 eques
1003 2262 1105 2345 pediti
1122 2263 1185 2326 iret
1203 2264 1325 2327 mixtus

149 2352 182 2411 et
209 2370 306 2432 quam
332 2349 581 2434 pinguissimum
608 2354 693 2414 esset
720 2350 825 2414 solum
852 2353 885 2412 et
912 2351 1023 2432 pabuli
1049 2350 1169 2431 fertile,
1202 2353 1324 2415 sensim

95 2455 128 2503 21
148 2436 371 2517 procederent:
409 2438 506 2502 duces
534 2442 627 2502 erant
653 2438 779 2502 itineris
807 2438 845 2501 de
874 2439 1009 2520 captivis
1033 2439 1109 2502 dati.
1153 2438 1227 2522 Ipse
1251 2462 1322 2503 cum

148 2525 316 2609 armigeris
339 2528 372 2589 et
395 2526 459 2610 ala,
487 2548 584 2609 quam
607 2548 722 2611 agema
743 2526 964 2608 appellabant,
992 2525 1092 2590 ardua
1114 2528 1244 2611 semita,
1268 2529 1323 2591 sed

149 2611 279 2697 longius
311 2635 331 2676 a
364 2614 558 2678 stationibus
589 2614 734 2678 hostium
765 2617 890 2677 remota
921 2615 1024 2678 multa
1053 2637 1127 2679 cum
1153 2616 1323 2680 vexatione

96 2720 130 2769 22
148 2702 314 2783 processit.
350 2701 476 2766 Medius
495 2706 566 2766 erat
584 2702 651 2766 dies
670 2706 704 2766 et
716 2701 863 2786 fatigatis
876 2703 1060 2767 necessaria
1073 2703 1178 2789 quies:
1203 2704 1323 2788 quippe

148 2789 341 2852 tantundem
358 2789 485 2879 itineris
505 2794 680 2873 supererat,
702 2793 859 2872 quantum
878 2792 1000 2855 emensi
1017 2795 1119 2874 erant,
1142 2792 1197 2855 sed
1215 2793 1323 2856 minus

95 2896 129 2944 23
148 2877 334 2958 praecipitis
366 2881 463 2960 atque
495 2877 595 2941 ardui.
639 2877 753 2962 ltaque
780 2878 908 2943 refectis
935 2880 1007 2943 cibo
1036 2902 1213 2964 somnoque
1239 2881 1323 2944 mili-

148 2962 237 3027 tibus
270 2965 410 3028 secunda
444 2965 555 3050 vigilia
587 2966 700 3050 surgit.
743 2966 789 3031 Et
820 2970 927 3031 cetera
958 2967 1086 3050 quidem
1112 2967 1201 3032 haud
1228 2990 1325 3053 aegre

187 3123 228 3172 15.
247 3120 483 3188 occupandam.
522 3119 661 3188 Occepere
675 3147 709 3167 =
762 3122 823 3177 sich
840 3122 1039 3178 herensziehen
1052 3124 1162 3178 liessen.
1185 3124 1324 3178 Aehnlioh

148 3190 249 3244 vorher
266 3189 408 3259 besetnen,
427 3190 487 3245 ihm
507 3190 708 3261 ‘verlegen’3
762 3209 832 3262 opere
903 3195 1065 3263 sequebatur
1083 3201 1109 3248 4.
1128 3201 1152 3248 3.
1174 3201 1216 3248 10.

148 3259 218 3314 fiber
241 3265 437 3330 temptasset
459 3279 482 3315 c.
501 3261 577 3315 infin
597 3280 617 3316 s.
636 3263 709 3316 Einl.
800 3270 842 3317 19.
860 3265 1027 3319 incertam
1040 3282 1090 3319 aa.
1109 3264 1174 3334 Vgl.
1188 3264 1279 3318 Liv.8.
1290 3270 1323 3318 17

149 3334 173 3394 §-
193 3336 228 3383 34
235 3331 263 3384 b.
763 3335 896 3389 incertam
913 3353 969 3405 qao
986 3336 1040 3401 fide
1057 3337 1194 3404 adterat,
1216 3353 1261 3389 wo
1279 3337 1323 3389 irr-

186 3407 227 3454 16.
255 3417 489 3456 eoaversarcm
516 3428 550 3448 =
579 3403 616 3457 da
648 3404 709 3458 der·
763 3410 865 3458 eertirra
882 3423 938 3474 qua
959 3405 1013 3459 wie
1035 3406 1097 3460 hier
1119 3407 1173 3459 iae.
1192 3423 1231 3459 aa
1251 3406 1325 3460 ohne

149 3469 226 3524 selba
244 3470 320 3525 daun
337 3472 410 3526 ohne
427 3473 541 3528 Zweifel
560 3474 619 3528 sich
636 3492 710 3529 wen·
764 3474 884 3530 Einfluss
898 3475 949 3530 auf
960 3476 1006 3530 die
1022 3475 1223 3531 Construlrtion
1235 3477 1282 3545 ist,
1301 3495 1323 3530 s.

149 3540 203 3593 den
220 3541 321 3595 werde.
763 3545 836 3600 Einl.
865 3551 888 3613 ἕ.
908 3554 950 3601 to.
983 3577 1016 3586 -
1048 3548 1231 3615 fefellisset
1249 3547 1276 3600 d.
1295 3548 1323 3601 h.

186 3616 228 3664 17.
251 3612 371 3666 silenti
394 3615 536 3682 agmine,
569 3615 641 3669 auch
663 3615 710 3669 bei
763 3633 846 3671 wenn
877 3617 927 3672 der
953 3616 1059 3672 Fiihrer
1089 3617 1263 3672 entwiechte.
1287 3648 1324 3657 —

148 3681 251 3736 Livius.
288 3682 340 3737 Die
365 3683 590 3754 naehfolgenden
612 3685 709 3739 Worte
763 3689 813 3741 vel
829 3688 900 3755 fide
916 3689 967 3742 cel
985 3690 1098 3742 areima
1114 3689 1173 3742 fest
1186 3688 1282 3758 gleich
1300 3693 1325 3741 et

148 3769 181 3807 oe
198 3769 233 3806 ree
250 3754 319 3807 taba
336 3755 444 3823 quidem
462 3756 488 3809 d.
507 3771 528 3810 s.
547 3755 610 3810 sind
627 3756 709 3810 fiber·
820 3764 854 3824 et,
871 3758 946 3812 denn
964 3757 1015 3812 auf
1029 3758 1128 3813 Beides
1145 3758 1213 3814 kam
1231 3776 1261 3813 es
1279 3775 1323 3813 an.

146 3823 244 3892 fidesig
275 3825 348 3878 nach
379 3825 429 3879 der
455 3826 633 3896 Bemerlrung
660 3827 709 3880 des
798 3834 840 3882 21.
860 3830 1050 3899 ormiperis‚
1070 3828 1323 3898 detupaspisten

148 3892 361 3949 Schriftstellers
388 3896 461 3950 oben
480 3903 505 3950 2.
526 3903 549 3950 7.
577 3928 611 3937 -
644 3899 709 3952 iter
761 3899 834 3952 nach
862 3899 936 3965 Arm
974 3916 1087 3969 agema
1114 3924 1148 3945 =
1177 3899 1222 3953 die
1251 3902 1325 3955 erste

147 3966 299 4033 calliam,
317 3965 374 4036 vgl.
392 3967 445 4021 iter
462 3968 550 4021 saltas
568 3975 593 4022 3.
613 3974 637 4023 7.
658 3975 682 4022 6.
763 3969 1324 4041 SchwadronderberittuenNobelgarde

184 4041 225 4090 18.
250 4037 398 4106 vestigia
414 4038 590 4104 fallentia,
615 4055 707 4107 genau
763 4042 793 4108 (s.
813 4048 838 4094 4.
859 4047 900 4095 13.
921 4043 974 4109 26).

146 4104 200 4158 wie
219 4112 244 4159 4.
260 4112 284 4159 9.
301 4112 347 4172 183
366 4108 403 4160 ia
420 4108 535 4174 foreas
552 4109 606 4162 wie
625 4115 707 4163 3.1e.
798 4117 839 4166 22.
862 4113 972 4165 minas
994 4112 1071 4166 wohl
1091 4111 1171 4167 nicht
1188 4111 1322 4167 Nomina-

147 4205 181 4213 -
200 4176 461 4246 hauriebantur,
486 4179 551 4233 ‘sie
570 4195 707 4233 vernan·
761 4181 817 4251 tir,
837 4182 956 4236 sondern
973 4182 1153 4236 Adverbium.

146 4243 233 4313 lren’,
250 4246 305 4300 wie
322 4249 478 4316 gurgitibus
495 4251 606 4303 hauriri
623 4255 707 4304 416.
797 4258 840 4306 23.
868 4259 988 4319 cetera,
1016 4253 1062 4306 die
1083 4252 1183 4322 fibrige
1207 4251 1323 4307 Streelre

71 4344 76 4393 q
141 4321 235 4394 116..-
253 4318 489 4387 eeqaebaatar,
509 4319 708 4390 eig.alsdass
761 4322 940 4392 desWegee.
967 4354 1000 4363 -
1033 4328 1238 4392 ruperat‚=
1262 4324 1321 4388 ab,

71 4396 85 4496 p
123 4383 272 4438 ererlrnen
287 4387 391 4454 (ihrem
399 4389 709 4465 Ziehenjnaehgaben,
763 4395 964 4465 interruperat,
986 4393 1027 4448 ist
1047 4394 1079 4448 in
1094 4394 1185 4449 dieser
1202 4392 1321 4447 Verbin-
