2790 4792
133 218 177 284 30
589 216 621 283 Q.
641 215 751 271 CURTI
769 215 855 272 RUFI

80 389 114 440 13
134 403 257 464 corum,
279 401 300 446 a
324 402 387 466 quc
411 379 668 445 introducerem
690 378 731 443 ad
752 397 873 463 regem.
908 375 1008 443 Forte
1027 377 1143 443 ceteris
1168 376 1312 443 dimissis

132 492 216 535 unus
231 468 392 553 Philotas,
414 467 640 544 Parmenionis
661 467 750 532 filius
767 503 804 513 -
822 467 982 532 incertum
1002 488 1100 552 quam
1119 467 1161 532 ob
1180 487 1313 532 causam

133 595 175 606 -
201 558 393 624 substiterat
415 557 451 622 in
477 557 577 643 regia.
622 554 709 621 Huic
731 553 907 621 Cebalinus
931 577 987 621 ore
1011 555 1144 621 confuso
1172 575 1313 639 magnae

107 646 386 751 0perturbationis
404 649 500 712 notas
522 666 655 731 praese
677 644 785 710 ferens
809 645 927 729 aperit,
951 647 1091 730 quaeex
1112 644 1216 710 fratre
1239 665 1312 709 con-

80 747 113 795 19
130 739 275 820 parerat,
303 740 336 802 et
364 735 434 801 sine
465 735 623 801 dilatione
651 733 796 799 nuntiari
817 733 888 819 regi
915 733 1016 800 iubet.
1061 732 1211 799 Philotas
1240 754 1312 798 con·

131 824 264 890 laudato
294 846 332 890 co
359 823 510 908 protinus
538 823 641 889 intrat
665 822 706 887 ad
729 822 949 888 Alexandrum
978 823 1145 908 multoque
1173 823 1312 887 invicem

133 912 172 978 16
196 913 271 979 aliis
294 914 391 978 rebus
410 934 558 978 sermone
582 914 775 995 consumpto
797 911 881 976 nihil
901 933 1026 998 eorum,
1050 933 1132 997 quae
1156 933 1196 976 ex
1210 908 1329 975 Ceba,

78 1002 199 1067 aolino
224 1004 435 1087 cognoverat,
461 1001 601 1066 nrmtiat.
647 998 714 1066 sub
741 1021 912 1084 vesperam
940 1022 1013 1066 eum
1039 999 1254 1085 prodeuntem
1278 1001 1313 1063 in

131 1091 293 1156 vestibulo
317 1090 426 1175 regiae
445 1089 565 1175 excipit
588 1089 728 1173 iuvenis,
756 1110 797 1153 an
821 1089 1012 1154 mandatum
1036 1093 1188 1155 executus
1217 1088 1314 1170 foret,

77 1192 110 1240 21
131 1179 309 1265 requirens.
353 1177 416 1243 Ille
439 1200 505 1244 non
528 1199 662 1244 vacasse
685 1178 828 1243 sermoni
851 1199 910 1243 suo
937 1197 1047 1262 regem
1071 1180 1225 1244 causatus
1249 1176 1314 1242 dis-

131 1268 237 1333 cessit.
282 1266 419 1333 Postero
448 1267 500 1332 116
523 1265 699 1333 Cebalinus
727 1265 870 1332 venienti
897 1267 932 1331 in
953 1267 1079 1353 regiam
1106 1269 1238 1351 praesto
1263 1269 1314 1330 est

130 1357 372 1441 intrantemque
391 1356 544 1422 admonet
566 1354 670 1440 pridie
689 1356 948 1421 communicatae
966 1376 1040 1420 cum
1064 1356 1135 1440 ipso
1159 1356 1216 1420 rei.
1250 1353 1313 1418 Ille

130 1466 226 1509 curae
254 1445 320 1509 sibi
346 1465 418 1510 esse
444 1444 632 1529 respondet:
660 1465 698 1509 ao
719 1465 761 1509 ne
783 1447 855 1509 tum
883 1444 1014 1529 quidem
1036 1444 1122 1530 regi,
1150 1465 1233 1528 quae
1257 1466 1313 1508 au-

134 1531 253 1618 dierat,
276 1533 389 1617 aperit.
435 1531 595 1618 Coeperat
618 1529 775 1599 Cebalino
799 1553 870 1598 esre
893 1537 1073 1618 suspectus.
1110 1532 1226 1618 Itaque
1248 1553 1316 1597 non

78 1640 111 1689 22
131 1621 218 1696 ultra
249 1621 522 1707 interpellandum
554 1624 646 1687 ratus
673 1621 778 1687 nobili
809 1621 919 1687 iuveni
949 1657 989 1669 -
1018 1621 1149 1688 Metron
1181 1623 1252 1686 erat
1284 1621 1316 1685 ei

130 1731 250 1776 nomen
265 1746 307 1757 -
323 1733 420 1796 super
438 1711 726 1777 armamentarium
748 1710 877 1795 posito,
895 1711 981 1795 quod
1003 1711 1107 1776 scelus
1130 1712 1315 1794 pararetur,

78 1798 264 1868 231611661.
312 1797 375 1866 Ille
402 1797 558 1866 Cebalino
589 1800 625 1865 in
651 1799 904 1865 armamentario
938 1799 1130 1865 abscondito
1162 1798 1314 1882 protinus

78 1907 113 1956 24
133 1887 205 1972 regi
224 1909 340 1972 corpus
363 1888 449 1954 forte
469 1889 609 1973 curanti,
632 1887 709 1973 quid
732 1886 829 1952 index
847 1888 1033 1972 detulisset,
1055 1887 1207 1953 ostendit.
1243 1885 1316 1951 Rex
1325 1886 1367 1951 27

132 1976 172 2040 ad
195 1976 520 2061 conprehendendum
541 1976 708 2061 Dymnum
735 1975 846 2042 missis
874 1976 1071 2042 satellitibus
1098 1979 1315 2042 armamenta·

130 2067 215 2130 rium
245 2065 358 2130 intrat
402 2065 454 2131 Ibi
478 2062 652 2132 Cebalinus
680 2063 799 2150 gaudio
823 2064 943 2150 clatus,
966 2063 1093 2131 ‘Habeo
1116 2063 1171 2150 te',
1196 2064 1315 2149 inquit,

77 2175 112 2225 aa
132 2151 340 2219 ‘incolumem
358 2175 396 2218 ex
414 2153 578 2238 inpiorum
596 2153 747 2218 manibus
762 2152 932 2238 creptum'.
966 2153 1178 2220 Percontatus
1198 2153 1314 2218 deinde

130 2240 329 2320 Alexander,
350 2263 433 2327 quae
450 2242 612 2308 noscenda
630 2244 737 2323 erant,
757 2242 868 2307 ordine
887 2245 1004 2308 cuncta
1022 2242 1199 2327 cognoscit.
1230 2241 1315 2317 Rur-

132 2351 251 2415 susque
270 2330 393 2396 institit
412 2352 580 2416 quaerere,
602 2334 720 2415 quotus
740 2330 808 2396 dies
828 2334 928 2415 66661,
952 2353 991 2396 ex
1010 2353 1073 2416 quo
1092 2330 1315 2397 Nicomachus

35 2437 38 2444 ·
78 2418 272 2490 medeam
300 2419 473 2486 1616116661
499 2419 665 2486 indicium.
709 2417 818 2504 Atque
843 2419 901 2484 illo
924 2419 1061 2505 fatente,
1089 2419 1157 2484 iam
1178 2419 1314 2483 tertium

133 2528 217 2591 esse,
242 2508 446 2593 existimans,
468 2508 556 2574 haud
575 2508 763 2591 incorrupta
780 2506 844 2572 fide
862 2510 957 2573 tanto
976 2511 1053 2592 post
1071 2507 1210 2592 deferre,
1230 2529 1315 2592 quae

77 2619 111 2668 2⁷
133 2596 294 2681 audierat,
317 2596 434 2684 vinciri
454 2619 527 2664 eum
546 2598 652 2663 iussit.
686 2596 748 2661 Ille
768 2596 936 2661 clamitare
955 2597 1076 2682 coepit,
1095 2596 1208 2662 eodem
1231 2601 1313 2660 tem·

130 2685 221 2769 poris
232 2689 407 2771 momento,
418 2708 481 2771 quo
492 2685 644 2770 audisset,
660 2684 700 2750 ad
709 2683 864 2750 Philotan
878 2684 1071 2750 decurrisse:
1086 2685 1127 2750 ab
1140 2707 1178 2750 eo
1190 2686 1313 2770 operiri

128 2896 203 2960 πεῖς)
227 2909 328 2962 gencss
349 2895 502 2964 allerdings
521 2895 603 2949 einen
620 2895 693 2950 Vcr-
783 2899 826 2949 23.
841 2909 965 2964 corpas
984 2896 1130 2950 caramti.
1157 2895 1278 2950 1166119.
1294 2901 1312 2950 9

129 2980 214 3034 rung,
237 2963 305 3018 aber
327 2963 357 3016 in
380 2965 492 3019 keinem
509 2965 588 3019 Falle
611 2966 692 3021 hatte
745 2965 848 3020 badete
867 2981 897 3019 er
915 2966 1027 3035 geradc.

131 3033 171 3089 sie
186 3033 413 3090 ausschliesslich
433 3035 487 3090 166
496 3035 693 3091 Wachtdienst
781 3040 824 3091 21.
848 3037 990 3092 institit.
1031 3036 1124 3091 Ueber
1150 3037 1206 3092 den
1231 3037 1310 3093 infin.

130 3104 205 3160 baim
223 3104 325 3176 Kdnig.
746 3125 767 3161 s.
785 3105 857 3162 11161.
878 3111 893 3172 5
913 3112 948 3161 34
966 3107 993 3162 b.
1013 3125 1040 3161 6.
1077 3106 1252 3176 Eigentlich:
1277 3125 1308 3163 er

167 3181 207 3232 19.
228 3179 427 3246 comsumpta.
460 3175 608 3247 11318611.
627 3177 690 3248 Jug.
745 3178 865 3234 bastard
893 3177 943 3233 auf
968 3177 1073 3232 seinem
1096 3178 1206 3260 Fragen
1231 3179 1258 3232 d.
1282 3180 1309 3234 h.

130 3251 164 3300 21
201 3248 315 3302 maltam
347 3249 496 3304 66116666
529 3263 690 3304 66666666.
746 3265 776 3303 er
789 3248 908 3331 drangte
922 3247 976 3303 mit
984 3248 1094 3318 Fragen
1107 3247 1138 3302 in
1151 3249 1208 3305 1hn.
1234 3249 1309 3305 Rur-

130 3317 693 3376 Sinn:Philotvcrschwcndeteriele
746 3335 844 3390 easque
865 3322 905 3374 161
928 3318 1054 3374 dadnrch
1077 3318 1218 3386 motivirt‚
1244 3321 1309 3376 dass

130 3387 229 3443 Wartc
256 3390 326 3445 uber
354 3390 440 3445 andra
465 3389 570 3460 Dirige,
597 3390 693 3446 indcm
746 3389 1311 3460 1611666616669666111661166616616

131 3475 161 3513 er
179 3475 245 3514 vom
263 3459 455 3531 Wiohtigsten
473 3461 605 3531 schwicg.
745 3461 880 3532 beandigt
902 3458 1066 3517 bezeichnct
1083 3477 1150 3516 war.
1176 3492 1203 3500 —
1227 3478 1309 3531 qaae

165 3534 208 3582 21.
246 3545 347 3600 smper
393 3534 692 3587 armamentarium
746 3534 914 3587 audierat.
952 3531 1062 3586 Ebenso
1089 3531 1308 3600 derobjektivi·

124 3601 269 3669 positas.
296 3599 693 3674 SchondicClassikcrsagen
745 3603 831 3658 rende
862 3601 1006 3660 Indilxativ
1037 3607 1052 3667 5
1086 3608 1119 3657 16
1152 3608 1307 3670 acceparat,-

128 3671 264 3726 oastodem
278 3671 374 3737 611661,
387 3672 577 3741 imperatorem
585 3674 692 3743 popolo
745 3678 761 3738 5
789 3678 823 3729 18
851 3678 1024 3743 compereram
1056 3679 1070 3740 5
1100 3678 1133 3726 21
1165 3674 1308 3740 audierat,-

124 3757 228 3810 pomcrc
249 3741 295 3796 fiir
317 3743 491 3810 6666111666,
512 3760 690 3814 praeponere.
746 3744 873 3815 dagegen
893 3749 908 3810 5
928 3750 961 3798 23
980 3744 1049 3814 qaid
1067 3744 1212 3799 detularat.

128 3812 180 3868 Die
214 3811 418 3868 Schriftsteller
454 3815 504 3869 der
535 3814 692 3871 Kaiserreit
781 3817 985 3885 2166166161.
1026 3813 1063 3870 So
1089 3814 1197 3884 spricht
1220 3816 1308 3870 schoa

128 3885 265 3954 sprechen
287 3882 452 3940 roncinum
478 3887 592 3942 16166166
609 3903 691 3956 caper
745 3884 842 3941 Cicero
865 3903 921 3941 von
943 3902 986 3942 rec
1009 3890 1117 3954 opertae
1139 3911 1172 3931 =
1196 3887 1307 3941 616666-

127 3955 287 4010 teredc'tatec
316 3957 438 4025 poeitae,
475 3956 567 4012 einem
598 3973 691 4013 serras
744 3957 831 4024 ditae,
845 3958 954 4012 66166116
968 3972 1086 4026 pressae.
1119 3956 1151 4009 In
1166 3956 1306 4027 gleichcm

127 4041 215 4095 capra
238 4027 360 4082 rattoms
379 4028 497 4097 positas.
537 4028 691 4083 Nacholas-
745 4027 830 4083 Sinne
849 4030 937 4083 unten
951 4034 992 4084 10.
1007 4033 1040 4082 21
1055 4032 1207 4098 aperturas.
1236 4027 1306 4082 Dass

128 4095 202 4151 sisch
219 4097 258 4152 ist
271 4114 353 4167 saper
366 4098 425 4152 und
437 4114 525 4168 capra
537 4098 568 4153 in
585 4099 690 4154 diesem
743 4099 872 4155 Philotas
904 4099 968 4154 dem
998 4098 1107 4153 Kbnie
1140 4097 1185 4152 die
1218 4114 1309 4169 ganza·

129 4164 222 4251 Sinne.
263 4168 328 4253 lssl·
352 4168 485 4252 fibrigens
510 4171 542 4224 16
565 4171 691 4225 custodia
745 4116 1305 4254 8661666666116166661616661661]

78 4290 81 4295 ·
128 4239 690 4381 {mammaemammal
743 4238 1308 4381 {amaresceretaarum

166 4384 236 4434 .23.
739 4398 786 4453 er,
814 4383 924 4440 scheint
952 4399 995 4453 es,
1023 4398 1088 4440 vom
1111 4381 1229 4437 Antheil
1257 4381 1308 4434 des
