<?xml version="1.0" encoding="UTF-8"?>
<!DOCTYPE html PUBLIC "-//W3C//DTD XHTML 1.0 Transitional//EN"
    "http://www.w3.org/TR/xhtml1/DTD/xhtml1-transitional.dtd">
<html xmlns="http://www.w3.org/1999/xhtml" xml:lang="en" lang="en">
 <head>
  <title>
</title>
<meta http-equiv="Content-Type" content="text/html;charset=utf-8" />
  <meta name='ocr-system' content='tesseract 3.04.00' />
  <meta name='ocr-capabilities' content='ocr_page ocr_carea ocr_par ocr_line ocrx_word'/>
</head>
<body>
  <div class='ocr_page' id='page_1' title='image "./qcurtirufihisto02rufugoog_0322.png"; bbox 0 0 2790 4792; ppageno 0'>
   <div class='ocr_carea' id='block_1_1' title="bbox 350 224 1246 298">
    <p class='ocr_par' dir='ltr' id='par_1_1' title="bbox 350 224 1246 298">
     <span class='ocr_line' id='line_1_1' title="bbox 350 224 1246 298; baseline 0.007 -20"><span class='ocrx_word' id='word_1_1' title='bbox 350 224 607 281; x_wconf 81' lang='lat' dir='ltr'><strong>HISTORIARUM</strong></span> <span class='ocrx_word' id='word_1_2' title='bbox 625 225 843 281; x_wconf 80' lang='lat' dir='ltr'>ALEXANDltI</span> <span class='ocrx_word' id='word_1_3' title='bbox 861 226 923 298; x_wconf 87' lang='lat' dir='ltr'>VII,</span> <span class='ocrx_word' id='word_1_4' title='bbox 941 235 966 282; x_wconf 87' lang='grc'>4.</span> <span class='ocrx_word' id='word_1_5' title='bbox 1205 229 1246 294; x_wconf 79' lang='grc'>73</span> 
     </span>
    </p>
   </div>
   <div class='ocr_carea' id='block_1_2' title="bbox 17 386 1308 2512">
    <p class='ocr_par' dir='ltr' id='par_1_2' title="bbox 68 386 1300 652">
     <span class='ocr_line' id='line_1_2' title="bbox 68 386 1300 477; baseline 0.007 -26"><span class='ocrx_word' id='word_1_6' title='bbox 68 386 184 472; x_wconf 87' lang='lat' dir='ltr'>Itaque</span> <span class='ocrx_word' id='word_1_7' title='bbox 207 386 376 453; x_wconf 74' lang='lat' dir='ltr'>Bactriani</span> <span class='ocrx_word' id='word_1_8' title='bbox 403 390 527 472; x_wconf 75' lang='lat' dir='ltr'>equites</span> <span class='ocrx_word' id='word_1_9' title='bbox 554 411 618 453; x_wconf 87' lang='lat' dir='ltr'>xxx</span> <span class='ocrx_word' id='word_1_10' title='bbox 641 388 732 453; x_wconf 90' lang='lat' dir='ltr'>milia</span> <span class='ocrx_word' id='word_1_11' title='bbox 759 389 974 472; x_wconf 73' lang='lat' dir='ltr'>expleverant.</span> <span class='ocrx_word' id='word_1_12' title='bbox 1019 391 1097 476; x_wconf 89' lang='lat' dir='ltr'>Ipsa</span> <span class='ocrx_word' id='word_1_13' title='bbox 1119 392 1248 477; x_wconf 89' lang='lat' dir='ltr'>Bactra,</span> <span class='ocrx_word' id='word_1_14' title='bbox 1268 414 1300 463; x_wconf 86' lang='lat'>31</span> 
     </span>
     <span class='ocr_line' id='line_1_3' title="bbox 69 476 1249 564; baseline 0.004 -23"><span class='ocrx_word' id='word_1_15' title='bbox 69 476 214 561; x_wconf 82' lang='lat' dir='ltr'>regionis</span> <span class='ocrx_word' id='word_1_16' title='bbox 233 477 302 541; x_wconf 88' lang='lat' dir='ltr'>eius</span> <span class='ocrx_word' id='word_1_17' title='bbox 327 481 437 562; x_wconf 89' lang='lat' dir='ltr'>caput,</span> <span class='ocrx_word' id='word_1_18' title='bbox 462 477 526 542; x_wconf 84' lang='lat' dir='ltr'>sita</span> <span class='ocrx_word' id='word_1_19' title='bbox 545 481 622 542; x_wconf 91' lang='lat' dir='ltr'>sunt</span> <span class='ocrx_word' id='word_1_20' title='bbox 645 477 704 542; x_wconf 84' lang='lat' dir='ltr'>sub</span> <span class='ocrx_word' id='word_1_21' title='bbox 724 481 834 543; x_wconf 89' lang='lat' dir='ltr'>monte</span> <span class='ocrx_word' id='word_1_22' title='bbox 852 477 1075 564; x_wconf 88' lang='lat' dir='ltr'>Parapamiso.</span> <span class='ocrx_word' id='word_1_23' title='bbox 1112 479 1249 547; x_wconf 81' lang='lat' dir='ltr'>Bactrus</span> 
     </span>
     <span class='ocr_line' id='line_1_4' title="bbox 70 564 1152 652; baseline 0.005 -23"><span class='ocrx_word' id='word_1_24' title='bbox 70 565 175 630; x_wconf 87' lang='lat' dir='ltr'>amnis</span> <span class='ocrx_word' id='word_1_25' title='bbox 199 566 357 649; x_wconf 88' lang='lat' dir='ltr'>praeterit</span> <span class='ocrx_word' id='word_1_26' title='bbox 379 564 516 630; x_wconf 89' lang='lat' dir='ltr'>moenia.</span> <span class='ocrx_word' id='word_1_27' title='bbox 556 565 589 630; x_wconf 88' lang='lat' dir='ltr'>Is</span> <span class='ocrx_word' id='word_1_28' title='bbox 612 565 686 630; x_wconf 89' lang='lat' dir='ltr'>urbi</span> <span class='ocrx_word' id='word_1_29' title='bbox 711 569 744 630; x_wconf 92' lang='lat' dir='ltr'>et</span> <span class='ocrx_word' id='word_1_30' title='bbox 765 567 891 652; x_wconf 91' lang='lat' dir='ltr'>regioni</span> <span class='ocrx_word' id='word_1_31' title='bbox 915 568 1004 634; x_wconf 86' lang='lat' dir='ltr'>dedit</span> <span class='ocrx_word' id='word_1_32' title='bbox 1025 591 1152 634; x_wconf 91' lang='lat' dir='ltr'>nomen.</span> 
     </span>
    </p>

    <p class='ocr_par' dir='ltr' id='par_1_3' title="bbox 17 653 1308 2512">
     <span class='ocr_line' id='line_1_5' title="bbox 17 653 1303 742; baseline 0.005 -25"><span class='ocrx_word' id='word_1_33' title='bbox 17 655 58 717; x_wconf 87' lang='grc'>19</span> <span class='ocrx_word' id='word_1_34' title='bbox 159 653 223 718; x_wconf 92' lang='lat' dir='ltr'>Hie</span> <span class='ocrx_word' id='word_1_35' title='bbox 248 655 318 739; x_wconf 90' lang='lat' dir='ltr'>regi</span> <span class='ocrx_word' id='word_1_36' title='bbox 346 655 468 720; x_wconf 86' lang='lat' dir='ltr'>stativa</span> <span class='ocrx_word' id='word_1_37' title='bbox 496 653 632 720; x_wconf 90' lang='lat' dir='ltr'>habenti</span> <span class='ocrx_word' id='word_1_38' title='bbox 661 655 832 720; x_wconf 90' lang='lat' dir='ltr'>nuntiatur</span> <span class='ocrx_word' id='word_1_39' title='bbox 864 677 903 720; x_wconf 85' lang='lat' dir='ltr'>ex</span> <span class='ocrx_word' id='word_1_40' title='bbox 932 656 1067 723; x_wconf 80' lang='lat' dir='ltr'>Graecia</span> <span class='ocrx_word' id='word_1_41' title='bbox 1094 657 1251 742; x_wconf 91' lang='lat' dir='ltr'>Pelopon·</span> <span class='ocrx_word' id='word_1_42' title='bbox 1270 680 1303 729; x_wconf 77' lang='lat'>32</span> 
     </span>
     <span class='ocr_line' id='line_1_6' title="bbox 70 741 1252 830; baseline 0.004 -24"><span class='ocrx_word' id='word_1_43' title='bbox 70 743 237 807; x_wconf 84' lang='lat' dir='ltr'>nesiorum</span> <span class='ocrx_word' id='word_1_44' title='bbox 263 741 491 828; x_wconf 87' lang='lat' dir='ltr'>Laconumque</span> <span class='ocrx_word' id='word_1_45' title='bbox 519 743 657 809; x_wconf 87' lang='lat' dir='ltr'>defectio</span> <span class='ocrx_word' id='word_1_46' title='bbox 688 780 726 790; x_wconf 93' lang='lat'>-</span> <span class='ocrx_word' id='word_1_47' title='bbox 756 744 902 809; x_wconf 91' lang='lat' dir='ltr'>nondum</span> <span class='ocrx_word' id='word_1_48' title='bbox 930 747 1016 811; x_wconf 89' lang='lat' dir='ltr'>enim</span> <span class='ocrx_word' id='word_1_49' title='bbox 1044 747 1122 812; x_wconf 89' lang='lat' dir='ltr'>victi</span> <span class='ocrx_word' id='word_1_50' title='bbox 1151 752 1252 830; x_wconf 89' lang='lat' dir='ltr'>erant,</span> 
     </span>
     <span class='ocr_line' id='line_1_7' title="bbox 71 831 1253 917; baseline 0.003 -21"><span class='ocrx_word' id='word_1_51' title='bbox 71 854 145 896; x_wconf 91' lang='lat' dir='ltr'>oum</span> <span class='ocrx_word' id='word_1_52' title='bbox 172 832 453 914; x_wconf 90' lang='lat' dir='ltr'>proficiscerentur</span> <span class='ocrx_word' id='word_1_53' title='bbox 480 832 642 896; x_wconf 87' lang='lat' dir='ltr'>tumultus</span> <span class='ocrx_word' id='word_1_54' title='bbox 666 832 734 896; x_wconf 88' lang='lat' dir='ltr'>eius</span> <span class='ocrx_word' id='word_1_55' title='bbox 765 831 926 917; x_wconf 89' lang='lat' dir='ltr'>principia</span> <span class='ocrx_word' id='word_1_56' title='bbox 947 835 1129 900; x_wconf 87' lang='lat' dir='ltr'>nuntiaturi</span> <span class='ocrx_word' id='word_1_57' title='bbox 1153 872 1194 882; x_wconf 89' lang='lat'>—</span> <span class='ocrx_word' id='word_1_58' title='bbox 1219 840 1253 900; x_wconf 85' lang='lat' dir='ltr'>et</span> 
     </span>
     <span class='ocr_line' id='line_1_8' title="bbox 71 919 1252 1006; baseline 0.003 -21"><span class='ocrx_word' id='word_1_59' title='bbox 71 920 156 985; x_wconf 91' lang='lat' dir='ltr'>alius</span> <span class='ocrx_word' id='word_1_60' title='bbox 193 942 346 1003; x_wconf 85' lang='lat' dir='ltr'>praesens</span> <span class='ocrx_word' id='word_1_61' title='bbox 377 925 482 986; x_wconf 91' lang='lat' dir='ltr'>terror</span> <span class='ocrx_word' id='word_1_62' title='bbox 518 920 677 1003; x_wconf 85' lang='lat' dir='ltr'>adfertur,</span> <span class='ocrx_word' id='word_1_63' title='bbox 714 919 866 1006; x_wconf 85' lang='lat' dir='ltr'>Scythas,</span> <span class='ocrx_word' id='word_1_64' title='bbox 904 922 959 1006; x_wconf 88' lang='lat' dir='ltr'>qui</span> <span class='ocrx_word' id='word_1_65' title='bbox 996 924 1082 988; x_wconf 89' lang='lat' dir='ltr'>ultra</span> <span class='ocrx_word' id='word_1_66' title='bbox 1114 923 1252 989; x_wconf 85' lang='lat' dir='ltr'>Tanaim</span> 
     </span>
     <span class='ocr_line' id='line_1_9' title="bbox 73 1009 1253 1097; baseline 0.003 -23"><span class='ocrx_word' id='word_1_67' title='bbox 73 1031 201 1074; x_wconf 90' lang='lat' dir='ltr'>amnem</span> <span class='ocrx_word' id='word_1_68' title='bbox 216 1010 337 1093; x_wconf 89' lang='lat' dir='ltr'>colunt,</span> <span class='ocrx_word' id='word_1_69' title='bbox 356 1010 531 1075; x_wconf 88' lang='lat' dir='ltr'>adventare</span> <span class='ocrx_word' id='word_1_70' title='bbox 546 1009 648 1074; x_wconf 84' lang='lat' dir='ltr'>Besso</span> <span class='ocrx_word' id='word_1_71' title='bbox 663 1009 802 1074; x_wconf 86' lang='lat' dir='ltr'>ferentes</span> <span class='ocrx_word' id='word_1_72' title='bbox 818 1031 922 1093; x_wconf 91' lang='lat' dir='ltr'>opem.</span> <span class='ocrx_word' id='word_1_73' title='bbox 957 1011 1081 1076; x_wconf 83' lang='lat' dir='ltr'>Eodem</span> <span class='ocrx_word' id='word_1_74' title='bbox 1096 1015 1253 1097; x_wconf 91' lang='lat' dir='ltr'>tempore,</span> 
     </span>
     <span class='ocr_line' id='line_1_10' title="bbox 73 1095 1252 1185; baseline 0.004 -24"><span class='ocrx_word' id='word_1_75' title='bbox 73 1119 156 1181; x_wconf 89' lang='lat' dir='ltr'>quae</span> <span class='ocrx_word' id='word_1_76' title='bbox 182 1097 218 1161; x_wconf 91' lang='lat' dir='ltr'>in</span> <span class='ocrx_word' id='word_1_77' title='bbox 247 1102 344 1182; x_wconf 91' lang='lat' dir='ltr'>gente</span> <span class='ocrx_word' id='word_1_78' title='bbox 371 1098 525 1163; x_wconf 82' lang='lat' dir='ltr'>Ariorum</span> <span class='ocrx_word' id='word_1_79' title='bbox 553 1095 699 1163; x_wconf 82' lang='lat' dir='ltr'>Caranus</span> <span class='ocrx_word' id='word_1_80' title='bbox 731 1102 764 1163; x_wconf 89' lang='lat' dir='ltr'>et</span> <span class='ocrx_word' id='word_1_81' title='bbox 785 1097 942 1185; x_wconf 79' lang='lat' dir='ltr'>Erigyius</span> <span class='ocrx_word' id='word_1_82' title='bbox 972 1105 1153 1184; x_wconf 87' lang='lat' dir='ltr'>gesserant,</span> <span class='ocrx_word' id='word_1_83' title='bbox 1182 1123 1252 1185; x_wconf 90' lang='lat' dir='ltr'>per·</span> 
     </span>
     <span class='ocr_line' id='line_1_11' title="bbox 72 1184 1305 1274; baseline 0.007 -25"><span class='ocrx_word' id='word_1_84' title='bbox 72 1185 231 1250; x_wconf 90' lang='lat' dir='ltr'>feruntur.</span> <span class='ocrx_word' id='word_1_85' title='bbox 263 1184 481 1252; x_wconf 81' lang='lat' dir='ltr'>Commissum</span> <span class='ocrx_word' id='word_1_86' title='bbox 501 1191 571 1252; x_wconf 90' lang='lat' dir='ltr'>erat</span> <span class='ocrx_word' id='word_1_87' title='bbox 589 1186 750 1271; x_wconf 87' lang='lat' dir='ltr'>proelium</span> <span class='ocrx_word' id='word_1_88' title='bbox 769 1186 855 1252; x_wconf 89' lang='lat' dir='ltr'>inter</span> <span class='ocrx_word' id='word_1_89' title='bbox 872 1187 1066 1254; x_wconf 87' lang='lat' dir='ltr'>Macedonas</span> <span class='ocrx_word' id='word_1_90' title='bbox 1080 1187 1252 1274; x_wconf 84' lang='lat' dir='ltr'>Ariosque.</span> <span class='ocrx_word' id='word_1_91' title='bbox 1270 1211 1305 1259; x_wconf 80' lang='lat'>33</span> 
     </span>
     <span class='ocr_line' id='line_1_12' title="bbox 51 1273 1251 1363; baseline 0.009 -31"><span class='ocrx_word' id='word_1_92' title='bbox 51 1273 260 1359; x_wconf 84' lang='lat' dir='ltr'>.Transfuga</span> <span class='ocrx_word' id='word_1_93' title='bbox 287 1273 515 1341; x_wconf 83' lang='lat' dir='ltr'>Satibarzanes</span> <span class='ocrx_word' id='word_1_94' title='bbox 547 1276 696 1341; x_wconf 90' lang='lat' dir='ltr'>barbaris</span> <span class='ocrx_word' id='word_1_95' title='bbox 723 1280 885 1359; x_wconf 87' lang='lat' dir='ltr'>praeerat:</span> <span class='ocrx_word' id='word_1_96' title='bbox 919 1278 975 1361; x_wconf 92' lang='lat' dir='ltr'>qui</span> <span class='ocrx_word' id='word_1_97' title='bbox 1004 1300 1077 1343; x_wconf 91' lang='lat' dir='ltr'>cum</span> <span class='ocrx_word' id='word_1_98' title='bbox 1107 1299 1251 1363; x_wconf 84' lang='lat' dir='ltr'>pugnam</span> 
     </span>
     <span class='ocr_line' id='line_1_13' title="bbox 74 1364 1251 1450; baseline 0.004 -24"><span class='ocrx_word' id='word_1_99' title='bbox 74 1383 206 1448; x_wconf 83' lang='lat' dir='ltr'>segnem</span> <span class='ocrx_word' id='word_1_100' title='bbox 229 1364 391 1448; x_wconf 91' lang='lat' dir='ltr'>utrimque</span> <span class='ocrx_word' id='word_1_101' title='bbox 412 1365 532 1449; x_wconf 76' lang='lat' dir='ltr'>‚aequis</span> <span class='ocrx_word' id='word_1_102' title='bbox 559 1364 685 1430; x_wconf 87' lang='lat' dir='ltr'>viribus</span> <span class='ocrx_word' id='word_1_103' title='bbox 708 1368 796 1429; x_wconf 90' lang='lat' dir='ltr'>stare</span> <span class='ocrx_word' id='word_1_104' title='bbox 820 1365 964 1450; x_wconf 84' lang='lat' dir='ltr'>vidisset,</span> <span class='ocrx_word' id='word_1_105' title='bbox 992 1366 1028 1430; x_wconf 92' lang='lat' dir='ltr'>in</span> <span class='ocrx_word' id='word_1_106' title='bbox 1054 1367 1176 1450; x_wconf 91' lang='lat' dir='ltr'>primos</span> <span class='ocrx_word' id='word_1_107' title='bbox 1200 1388 1251 1431; x_wconf 91' lang='lat' dir='ltr'>or-</span> 
     </span>
     <span class='ocr_line' id='line_1_14' title="bbox 75 1451 1251 1539; baseline 0.003 -25"><span class='ocrx_word' id='word_1_108' title='bbox 75 1451 166 1515; x_wconf 91' lang='lat' dir='ltr'>dines</span> <span class='ocrx_word' id='word_1_109' title='bbox 186 1452 389 1537; x_wconf 89' lang='lat' dir='ltr'>adequitavit</span> <span class='ocrx_word' id='word_1_110' title='bbox 406 1454 600 1538; x_wconf 90' lang='lat' dir='ltr'>demptaque</span> <span class='ocrx_word' id='word_1_111' title='bbox 619 1453 714 1538; x_wconf 88' lang='lat' dir='ltr'>galea</span> <span class='ocrx_word' id='word_1_112' title='bbox 732 1453 895 1538; x_wconf 86' lang='lat' dir='ltr'>inhibitis,</span> <span class='ocrx_word' id='word_1_113' title='bbox 918 1456 975 1539; x_wconf 91' lang='lat' dir='ltr'>qui</span> <span class='ocrx_word' id='word_1_114' title='bbox 992 1456 1060 1519; x_wconf 86' lang='lat' dir='ltr'>tela</span> <span class='ocrx_word' id='word_1_115' title='bbox 1076 1455 1251 1537; x_wconf 83' lang='lat' dir='ltr'>iaciebant,</span> 
     </span>
     <span class='ocr_line' id='line_1_15' title="bbox 75 1540 1252 1628; baseline 0.003 -24"><span class='ocrx_word' id='word_1_116' title='bbox 75 1540 103 1604; x_wconf 92' lang='lat' dir='ltr'>si</span> <span class='ocrx_word' id='word_1_117' title='bbox 128 1540 200 1624; x_wconf 90' lang='lat' dir='ltr'>quis</span> <span class='ocrx_word' id='word_1_118' title='bbox 221 1541 345 1605; x_wconf 82' lang='lat' dir='ltr'>viritim</span> <span class='ocrx_word' id='word_1_119' title='bbox 368 1541 523 1606; x_wconf 87' lang='lat' dir='ltr'>dimicare</span> <span class='ocrx_word' id='word_1_120' title='bbox 540 1541 655 1625; x_wconf 85' lang='lat' dir='ltr'>vellet,</span> <span class='ocrx_word' id='word_1_121' title='bbox 676 1542 867 1625; x_wconf 83' lang='lat' dir='ltr'>provocavit</span> <span class='ocrx_word' id='word_1_122' title='bbox 886 1543 927 1607; x_wconf 89' lang='lat' dir='ltr'>ad</span> <span class='ocrx_word' id='word_1_123' title='bbox 949 1563 1106 1628; x_wconf 89' lang='lat' dir='ltr'>pugnam:</span> <span class='ocrx_word' id='word_1_124' title='bbox 1129 1545 1252 1608; x_wconf 90' lang='lat' dir='ltr'>nudum</span> 
     </span>
     <span class='ocr_line' id='line_1_16' title="bbox 74 1629 1306 1712; baseline 0.003 -20"><span class='ocrx_word' id='word_1_125' title='bbox 74 1651 109 1693; x_wconf 90' lang='lat' dir='ltr'>se</span> <span class='ocrx_word' id='word_1_126' title='bbox 133 1632 232 1712; x_wconf 89' lang='lat' dir='ltr'>caput</span> <span class='ocrx_word' id='word_1_127' title='bbox 255 1630 289 1693; x_wconf 91' lang='lat' dir='ltr'>in</span> <span class='ocrx_word' id='word_1_128' title='bbox 312 1631 487 1695; x_wconf 90' lang='lat' dir='ltr'>certamine</span> <span class='ocrx_word' id='word_1_129' title='bbox 509 1630 707 1695; x_wconf 88' lang='lat' dir='ltr'>habiturum.</span> <span class='ocrx_word' id='word_1_130' title='bbox 743 1629 819 1695; x_wconf 91' lang='lat' dir='ltr'>Non</span> <span class='ocrx_word' id='word_1_131' title='bbox 842 1631 920 1695; x_wconf 90' lang='lat' dir='ltr'>tulit</span> <span class='ocrx_word' id='word_1_132' title='bbox 942 1631 1096 1697; x_wconf 88' lang='lat' dir='ltr'>ferociam</span> <span class='ocrx_word' id='word_1_133' title='bbox 1120 1633 1306 1703; x_wconf 77' lang='lat' dir='ltr'>barbariae</span> 
     </span>
     <span class='ocr_line' id='line_1_17' title="bbox 75 1717 1254 1804; baseline 0.004 -23"><span class='ocrx_word' id='word_1_134' title='bbox 75 1717 139 1781; x_wconf 90' lang='lat' dir='ltr'>dux</span> <span class='ocrx_word' id='word_1_135' title='bbox 170 1718 258 1782; x_wconf 88' lang='lat' dir='ltr'>illius</span> <span class='ocrx_word' id='word_1_136' title='bbox 292 1719 450 1784; x_wconf 90' lang='lat' dir='ltr'>exercitus</span> <span class='ocrx_word' id='word_1_137' title='bbox 478 1717 642 1802; x_wconf 63' lang='lat' dir='ltr'>Briarcus,</span> <span class='ocrx_word' id='word_1_138' title='bbox 674 1717 783 1802; x_wconf 84' lang='lat' dir='ltr'>gravis</span> <span class='ocrx_word' id='word_1_139' title='bbox 816 1719 946 1802; x_wconf 88' lang='lat' dir='ltr'>quidem</span> <span class='ocrx_word' id='word_1_140' title='bbox 980 1724 1102 1804; x_wconf 89' lang='lat' dir='ltr'>aetate,</span> <span class='ocrx_word' id='word_1_141' title='bbox 1134 1721 1190 1786; x_wconf 91' lang='lat' dir='ltr'>sed</span> <span class='ocrx_word' id='word_1_142' title='bbox 1221 1725 1254 1786; x_wconf 91' lang='lat' dir='ltr'>et</span> 
     </span>
     <span class='ocr_line' id='line_1_18' title="bbox 74 1805 1254 1894; baseline 0.004 -25"><span class='ocrx_word' id='word_1_143' title='bbox 74 1807 176 1871; x_wconf 88' lang='lat' dir='ltr'>animi</span> <span class='ocrx_word' id='word_1_144' title='bbox 197 1810 230 1870; x_wconf 89' lang='lat' dir='ltr'>et</span> <span class='ocrx_word' id='word_1_145' title='bbox 248 1807 393 1892; x_wconf 90' lang='lat' dir='ltr'>corporis</span> <span class='ocrx_word' id='word_1_146' title='bbox 411 1807 529 1872; x_wconf 91' lang='lat' dir='ltr'>robore</span> <span class='ocrx_word' id='word_1_147' title='bbox 547 1806 630 1871; x_wconf 91' lang='lat' dir='ltr'>nulli</span> <span class='ocrx_word' id='word_1_148' title='bbox 652 1807 804 1872; x_wconf 89' lang='lat' dir='ltr'>iuvenum</span> <span class='ocrx_word' id='word_1_149' title='bbox 827 1805 1063 1890; x_wconf 79' lang='lat' dir='ltr'>posffeiendus.</span> <span class='ocrx_word' id='word_1_150' title='bbox 1100 1808 1134 1873; x_wconf 89' lang='lat' dir='ltr'>Is</span> <span class='ocrx_word' id='word_1_151' title='bbox 1158 1810 1254 1894; x_wconf 88' lang='lat' dir='ltr'>galea</span> 
     </span>
     <span class='ocr_line' id='line_1_19' title="bbox 74 1892 1253 1982; baseline 0.003 -25"><span class='ocrx_word' id='word_1_152' title='bbox 74 1895 207 1979; x_wconf 86' lang='lat' dir='ltr'>dempta</span> <span class='ocrx_word' id='word_1_153' title='bbox 239 1897 392 1962; x_wconf 89' lang='lat' dir='ltr'>canitiem</span> <span class='ocrx_word' id='word_1_154' title='bbox 424 1899 608 1976; x_wconf 88' lang='lat' dir='ltr'>ostentans,</span> <span class='ocrx_word' id='word_1_155' title='bbox 645 1892 778 1980; x_wconf 76' lang='lat' dir='ltr'>‘Venit&#39;,</span> <span class='ocrx_word' id='word_1_156' title='bbox 813 1895 933 1981; x_wconf 89' lang='lat' dir='ltr'>inquit,</span> <span class='ocrx_word' id='word_1_157' title='bbox 969 1895 1063 1982; x_wconf 72' lang='lat' dir='ltr'>‘dies,</span> <span class='ocrx_word' id='word_1_158' title='bbox 1100 1918 1163 1981; x_wconf 92' lang='lat' dir='ltr'>quo</span> <span class='ocrx_word' id='word_1_159' title='bbox 1197 1902 1253 1962; x_wconf 89' lang='lat' dir='ltr'>aut</span> 
     </span>
     <span class='ocr_line' id='line_1_20' title="bbox 74 1984 1253 2068; baseline 0.003 -21"><span class='ocrx_word' id='word_1_160' title='bbox 74 1984 211 2048; x_wconf 82' lang='lat' dir='ltr'>victoria</span> <span class='ocrx_word' id='word_1_161' title='bbox 244 1990 301 2050; x_wconf 89' lang='lat' dir='ltr'>aut</span> <span class='ocrx_word' id='word_1_162' title='bbox 332 1989 437 2050; x_wconf 88' lang='lat' dir='ltr'>morte</span> <span class='ocrx_word' id='word_1_163' title='bbox 474 1984 722 2067; x_wconf 87' lang='lat' dir='ltr'>honestissima,</span> <span class='ocrx_word' id='word_1_164' title='bbox 759 1984 870 2068; x_wconf 87' lang='lat' dir='ltr'>quales</span> <span class='ocrx_word' id='word_1_165' title='bbox 907 1985 1029 2050; x_wconf 89' lang='lat' dir='ltr'>amicos</span> <span class='ocrx_word' id='word_1_166' title='bbox 1062 1989 1096 2050; x_wconf 90' lang='lat' dir='ltr'>et</span> <span class='ocrx_word' id='word_1_167' title='bbox 1132 1986 1253 2051; x_wconf 90' lang='lat' dir='ltr'>milites</span> 
     </span>
     <span class='ocr_line' id='line_1_21' title="bbox 73 2071 1306 2159; baseline 0.006 -23"><span class='ocrx_word' id='word_1_168' title='bbox 73 2071 261 2138; x_wconf 86' lang='lat' dir='ltr'>Alexander</span> <span class='ocrx_word' id='word_1_169' title='bbox 288 2074 423 2157; x_wconf 85' lang='lat' dir='ltr'>habeat,</span> <span class='ocrx_word' id='word_1_170' title='bbox 453 2071 644 2138; x_wconf 86' lang='lat' dir='ltr'>ostendam&#39;.</span> <span class='ocrx_word' id='word_1_171' title='bbox 688 2071 758 2138; x_wconf 90' lang='lat' dir='ltr'>Nec</span> <span class='ocrx_word' id='word_1_172' title='bbox 785 2074 881 2156; x_wconf 88' lang='lat' dir='ltr'>plura</span> <span class='ocrx_word' id='word_1_173' title='bbox 904 2074 1049 2138; x_wconf 89' lang='lat' dir='ltr'>elocutus</span> <span class='ocrx_word' id='word_1_174' title='bbox 1079 2096 1196 2159; x_wconf 92' lang='lat' dir='ltr'>equum</span> <span class='ocrx_word' id='word_1_175' title='bbox 1220 2076 1254 2139; x_wconf 93' lang='lat' dir='ltr'>in</span> <span class='ocrx_word' id='word_1_176' title='bbox 1272 2096 1306 2144; x_wconf 79' lang='lat'>35</span> 
     </span>
     <span class='ocr_line' id='line_1_22' title="bbox 73 2161 1255 2247; baseline 0.003 -22"><span class='ocrx_word' id='word_1_177' title='bbox 73 2162 204 2226; x_wconf 88' lang='lat' dir='ltr'>hostem</span> <span class='ocrx_word' id='word_1_178' title='bbox 237 2162 314 2246; x_wconf 89' lang='lat' dir='ltr'>egit.</span> <span class='ocrx_word' id='word_1_179' title='bbox 368 2161 523 2228; x_wconf 78' lang='lat' dir='ltr'>Crederes</span> <span class='ocrx_word' id='word_1_180' title='bbox 560 2161 770 2246; x_wconf 90' lang='lat' dir='ltr'>imperatum,</span> <span class='ocrx_word' id='word_1_181' title='bbox 806 2165 843 2226; x_wconf 93' lang='lat' dir='ltr'>ut</span> <span class='ocrx_word' id='word_1_182' title='bbox 875 2163 960 2227; x_wconf 90' lang='lat' dir='ltr'>acies</span> <span class='ocrx_word' id='word_1_183' title='bbox 997 2167 1153 2247; x_wconf 90' lang='lat' dir='ltr'>utraeque</span> <span class='ocrx_word' id='word_1_184' title='bbox 1189 2165 1255 2229; x_wconf 91' lang='lat' dir='ltr'>tela</span> 
     </span>
     <span class='ocr_line' id='line_1_23' title="bbox 75 2251 1254 2336; baseline 0.002 -22"><span class='ocrx_word' id='word_1_185' title='bbox 75 2251 274 2317; x_wconf 89' lang='lat' dir='ltr'>cohiberent.</span> <span class='ocrx_word' id='word_1_186' title='bbox 318 2251 472 2316; x_wconf 88' lang='lat' dir='ltr'>Protinus</span> <span class='ocrx_word' id='word_1_187' title='bbox 497 2254 583 2316; x_wconf 89' lang='lat' dir='ltr'>certe</span> <span class='ocrx_word' id='word_1_188' title='bbox 605 2253 809 2315; x_wconf 90' lang='lat' dir='ltr'>recesserunt</span> <span class='ocrx_word' id='word_1_189' title='bbox 830 2251 906 2316; x_wconf 88' lang='lat' dir='ltr'>dato</span> <span class='ocrx_word' id='word_1_190' title='bbox 930 2251 1032 2317; x_wconf 87' lang='lat' dir='ltr'>libero</span> <span class='ocrx_word' id='word_1_191' title='bbox 1057 2252 1177 2336; x_wconf 89' lang='lat' dir='ltr'>spatio,</span> <span class='ocrx_word' id='word_1_192' title='bbox 1205 2253 1254 2316; x_wconf 94' lang='lat' dir='ltr'>in-</span> 
     </span>
     <span class='ocr_line' id='line_1_24' title="bbox 74 2338 1255 2425; baseline 0.002 -22"><span class='ocrx_word' id='word_1_193' title='bbox 74 2340 159 2403; x_wconf 91' lang='lat' dir='ltr'>tenti</span> <span class='ocrx_word' id='word_1_194' title='bbox 190 2339 224 2403; x_wconf 92' lang='lat' dir='ltr'>in</span> <span class='ocrx_word' id='word_1_195' title='bbox 252 2345 403 2405; x_wconf 91' lang='lat' dir='ltr'>eventum</span> <span class='ocrx_word' id='word_1_196' title='bbox 434 2361 501 2408; x_wconf 85' lang='lat' dir='ltr'>non</span> <span class='ocrx_word' id='word_1_197' title='bbox 528 2339 645 2404; x_wconf 89' lang='lat' dir='ltr'>ducum</span> <span class='ocrx_word' id='word_1_198' title='bbox 673 2339 796 2421; x_wconf 78' lang='lat' dir='ltr'>modo,</span> <span class='ocrx_word' id='word_1_199' title='bbox 817 2338 873 2403; x_wconf 90' lang='lat' dir='ltr'>sed</span> <span class='ocrx_word' id='word_1_200' title='bbox 906 2339 1005 2405; x_wconf 89' lang='lat' dir='ltr'>etiam</span> <span class='ocrx_word' id='word_1_201' title='bbox 1035 2361 1113 2406; x_wconf 86' lang='lat' dir='ltr'>suae</span> <span class='ocrx_word' id='word_1_202' title='bbox 1146 2341 1255 2425; x_wconf 91' lang='lat' dir='ltr'>sortis,</span> 
     </span>
     <span class='ocr_line' id='line_1_25' title="bbox 76 2426 1308 2512; baseline 0.006 -21"><span class='ocrx_word' id='word_1_203' title='bbox 76 2428 196 2512; x_wconf 90' lang='lat' dir='ltr'>quippe</span> <span class='ocrx_word' id='word_1_204' title='bbox 229 2429 372 2493; x_wconf 88' lang='lat' dir='ltr'>alienum</span> <span class='ocrx_word' id='word_1_205' title='bbox 409 2427 584 2494; x_wconf 88' lang='lat' dir='ltr'>discrimen</span> <span class='ocrx_word' id='word_1_206' title='bbox 620 2429 769 2495; x_wconf 85' lang='lat' dir='ltr'>secuturi.</span> <span class='ocrx_word' id='word_1_207' title='bbox 822 2426 917 2491; x_wconf 91' lang='lat' dir='ltr'>Prior</span> <span class='ocrx_word' id='word_1_208' title='bbox 955 2428 1113 2494; x_wconf 89' lang='lat' dir='ltr'>barbarus</span> <span class='ocrx_word' id='word_1_209' title='bbox 1147 2430 1255 2494; x_wconf 84' lang='lat' dir='ltr'>emisit</span> <span class='ocrx_word' id='word_1_210' title='bbox 1273 2451 1308 2500; x_wconf 82' lang='lat'>36</span> 
     </span>
    </p>
   </div>
   <div class='ocr_carea' id='block_1_3' title="bbox 71 2622 1320 4466">
    <p class='ocr_par' dir='ltr' id='par_1_4' title="bbox 71 2622 1320 4466">
     <span class='ocr_line' id='line_1_26' title="bbox 74 2622 1255 2696; baseline 0.001 -18"><span class='ocrx_word' id='word_1_211' title='bbox 74 2625 172 2679; x_wconf 78' lang='lat' dir='ltr'>milia</span> <span class='ocrx_word' id='word_1_212' title='bbox 195 2629 426 2695; x_wconf 78' lang='lat' dir='ltr'>captaverant,</span> <span class='ocrx_word' id='word_1_213' title='bbox 446 2627 637 2682; x_wconf 86' lang='lat' dir='ltr'>vermuthlich</span> <span class='ocrx_word' id='word_1_214' title='bbox 691 2622 750 2682; x_wconf 82' lang='lat' dir='ltr'>lati.</span> <span class='ocrx_word' id='word_1_215' title='bbox 779 2656 813 2666; x_wconf 91' lang='lat'>—</span> <span class='ocrx_word' id='word_1_216' title='bbox 843 2624 1001 2681; x_wconf 76' lang='lat' dir='ltr'>Uoranus</span> <span class='ocrx_word' id='word_1_217' title='bbox 1031 2630 1060 2681; x_wconf 90' lang='lat' dir='ltr'>et</span> <span class='ocrx_word' id='word_1_218' title='bbox 1088 2625 1255 2696; x_wconf 74' lang='lat' dir='ltr'>Eriqptue</span> 
     </span>
     <span class='ocr_line' id='line_1_27' title="bbox 74 2695 802 2769; baseline 0.005 -20"><span class='ocrx_word' id='word_1_219' title='bbox 74 2695 122 2750; x_wconf 90' lang='lat' dir='ltr'>bei</span> <span class='ocrx_word' id='word_1_220' title='bbox 149 2696 204 2751; x_wconf 89' lang='lat' dir='ltr'>den</span> <span class='ocrx_word' id='word_1_221' title='bbox 234 2697 339 2753; x_wconf 84' lang='lat' dir='ltr'>lctaten</span> <span class='ocrx_word' id='word_1_222' title='bbox 365 2696 556 2769; x_wconf 72' lang='lat' dir='ltr'>Anfgebotem</span> <span class='ocrx_word' id='word_1_223' title='bbox 589 2715 638 2752; x_wconf 81' lang='lat' dir='ltr'>nur</span> <span class='ocrx_word' id='word_1_224' title='bbox 691 2716 711 2753; x_wconf 91' lang='lat' dir='ltr'>s.</span> <span class='ocrx_word' id='word_1_225' title='bbox 731 2703 756 2752; x_wconf 86' lang='grc'><strong>3.</strong></span> <span class='ocrx_word' id='word_1_226' title='bbox 777 2702 802 2753; x_wconf 79' lang='lat'>2.</span> 
     </span>
     <span class='ocr_line' id='line_1_28' title="bbox 75 2766 1255 2825; baseline 0.001 -5"><span class='ocrx_word' id='word_1_227' title='bbox 75 2766 212 2823; x_wconf 82' lang='lat' dir='ltr'>Schlacht</span> <span class='ocrx_word' id='word_1_228' title='bbox 246 2768 294 2824; x_wconf 87' lang='lat' dir='ltr'>bei</span> <span class='ocrx_word' id='word_1_229' title='bbox 324 2769 429 2825; x_wconf 86' lang='lat' dir='ltr'>Arbela</span> <span class='ocrx_word' id='word_1_230' title='bbox 464 2769 565 2824; x_wconf 87' lang='lat' dir='ltr'>hatten</span> <span class='ocrx_word' id='word_1_231' title='bbox 597 2769 637 2823; x_wconf 90' lang='lat' dir='ltr'>sie</span> <span class='ocrx_word' id='word_1_232' title='bbox 727 2773 770 2822; x_wconf 82' lang='grc'><strong>33.</strong></span> <span class='ocrx_word' id='word_1_233' title='bbox 794 2767 1041 2823; x_wconf 75' lang='lat' dir='ltr'>Satibarzanes</span> <span class='ocrx_word' id='word_1_234' title='bbox 1069 2785 1090 2822; x_wconf 86' lang='lat' dir='ltr'>s.</span> <span class='ocrx_word' id='word_1_235' title='bbox 1119 2766 1255 2822; x_wconf 86' lang='lat' dir='ltr'>ebenfalls</span> 
     </span>
     <span class='ocr_line' id='line_1_29' title="bbox 73 2839 1255 2910; baseline -0.001 -17"><span class='ocrx_word' id='word_1_236' title='bbox 73 2840 191 2894; x_wconf 84' lang='lat' dir='ltr'>nach4.</span> <span class='ocrx_word' id='word_1_237' title='bbox 213 2846 254 2894; x_wconf 80' lang='lat'>12.</span> <span class='ocrx_word' id='word_1_238' title='bbox 274 2848 291 2895; x_wconf 88' lang='grc'><strong>6</strong></span> <span class='ocrx_word' id='word_1_239' title='bbox 315 2839 637 2910; x_wconf 79' lang='lat' dir='ltr'>nur8000Reiterge·</span> <span class='ocrx_word' id='word_1_240' title='bbox 692 2845 717 2894; x_wconf 82' lang='lat'>3.</span> <span class='ocrx_word' id='word_1_241' title='bbox 736 2845 761 2893; x_wconf 78' lang='lat'>2.</span> <span class='ocrx_word' id='word_1_242' title='bbox 781 2869 815 2879; x_wconf 93' lang='lat'>-</span> <span class='ocrx_word' id='word_1_243' title='bbox 834 2843 1187 2908; x_wconf 71' lang='lat' dir='ltr'>aeonem...ctare=</span> <span class='ocrx_word' id='word_1_244' title='bbox 1206 2855 1255 2892; x_wconf 80' lang='lat' dir='ltr'>an</span> 
     </span>
     <span class='ocr_line' id='line_1_30' title="bbox 75 2911 1256 2980; baseline -0.001 -15"><span class='ocrx_word' id='word_1_245' title='bbox 75 2911 161 2966; x_wconf 88' lang='lat' dir='ltr'>stellt.</span> <span class='ocrx_word' id='word_1_246' title='bbox 199 2911 253 2965; x_wconf 88' lang='lat' dir='ltr'>Zur</span> <span class='ocrx_word' id='word_1_247' title='bbox 271 2911 468 2967; x_wconf 78' lang='lat' dir='ltr'>construction</span> <span class='ocrx_word' id='word_1_248' title='bbox 490 2911 547 2980; x_wconf 85' lang='lat' dir='ltr'>vgl.</span> <span class='ocrx_word' id='word_1_249' title='bbox 567 2916 591 2965; x_wconf 85' lang='grc'><strong>3.</strong></span> <span class='ocrx_word' id='word_1_250' title='bbox 611 2916 637 2965; x_wconf 73' lang='lat'>2.</span> <span class='ocrx_word' id='word_1_251' title='bbox 692 2911 816 2979; x_wconf 67' lang='lat' dir='ltr'>apitcrn,</span> <span class='ocrx_word' id='word_1_252' title='bbox 852 2915 950 2966; x_wconf 86' lang='lat' dir='ltr'>neutro</span> <span class='ocrx_word' id='word_1_253' title='bbox 986 2911 1151 2965; x_wconf 79' lang='lat' dir='ltr'>inclinatam</span> <span class='ocrx_word' id='word_1_254' title='bbox 1183 2913 1256 2964; x_wconf 81' lang='lat' dir='ltr'>ctare</span> 
     </span>
     <span class='ocr_line' id='line_1_31' title="bbox 74 2979 1218 3052; baseline -0.003 -16"><span class='ocrx_word' id='word_1_255' title='bbox 74 2989 92 3036; x_wconf 87' lang='lat'>4</span> <span class='ocrx_word' id='word_1_256' title='bbox 111 2998 189 3051; x_wconf 80' lang='lat' dir='ltr'>eques</span> <span class='ocrx_word' id='word_1_257' title='bbox 209 2982 306 3035; x_wconf 86' lang='lat' dir='ltr'>XXX</span> <span class='ocrx_word' id='word_1_258' title='bbox 322 2983 453 3052; x_wconf 80' lang='lat' dir='ltr'>inplebat.</span> <span class='ocrx_word' id='word_1_259' title='bbox 694 2982 762 3038; x_wconf 90' lang='lat' dir='ltr'>oder</span> <span class='ocrx_word' id='word_1_260' title='bbox 779 2981 853 3036; x_wconf 85' lang='lat' dir='ltr'>auch</span> <span class='ocrx_word' id='word_1_261' title='bbox 870 2981 946 3037; x_wconf 84' lang='lat' dir='ltr'>blosu</span> <span class='ocrx_word' id='word_1_262' title='bbox 962 2986 1036 3036; x_wconf 85' lang='lat' dir='ltr'>ctare</span> <span class='ocrx_word' id='word_1_263' title='bbox 1053 2981 1101 3035; x_wconf 92' lang='lat' dir='ltr'>bei</span> <span class='ocrx_word' id='word_1_264' title='bbox 1113 2979 1218 3035; x_wconf 84' lang='lat' dir='ltr'>Livius.</span> 
     </span>
     <span class='ocr_line' id='line_1_32' title="bbox 112 3051 1256 3121; baseline -0.001 -15"><span class='ocrx_word' id='word_1_265' title='bbox 112 3058 154 3107; x_wconf 88' lang='lat'>31.</span> <span class='ocrx_word' id='word_1_266' title='bbox 183 3054 327 3119; x_wconf 88' lang='lat' dir='ltr'>Bactra,</span> <span class='ocrx_word' id='word_1_267' title='bbox 357 3053 385 3108; x_wconf 93' lang='lat' dir='ltr'>al</span> <span class='ocrx_word' id='word_1_268' title='bbox 420 3069 471 3108; x_wconf 88' lang='lat' dir='ltr'>ers.</span> <span class='ocrx_word' id='word_1_269' title='bbox 499 3051 637 3121; x_wconf 71' lang='lat' dir='ltr'>Bachdht,</span> <span class='ocrx_word' id='word_1_270' title='bbox 727 3059 771 3108; x_wconf 85' lang='grc'><strong>34.</strong></span> <span class='ocrx_word' id='word_1_271' title='bbox 785 3053 886 3107; x_wconf 80' lang='lat' dir='ltr'>illius</span> <span class='ocrx_word' id='word_1_272' title='bbox 902 3051 1182 3107; x_wconf 74' lang='lat' dir='ltr'>exercetue=der</span> <span class='ocrx_word' id='word_1_273' title='bbox 1195 3051 1256 3105; x_wconf 90' lang='lat' dir='ltr'>ihm</span> 
     </span>
     <span class='ocr_line' id='line_1_33' title="bbox 71 3121 1256 3195; baseline -0.003 -17"><span class='ocrx_word' id='word_1_274' title='bbox 71 3124 143 3194; x_wconf 86' lang='lat' dir='ltr'>jetat</span> <span class='ocrx_word' id='word_1_275' title='bbox 157 3124 277 3179; x_wconf 86' lang='lat' dir='ltr'>Ballrh.</span> <span class='ocrx_word' id='word_1_276' title='bbox 303 3124 385 3179; x_wconf 85' lang='lat' dir='ltr'>Nech</span> <span class='ocrx_word' id='word_1_277' title='bbox 418 3124 499 3178; x_wconf 88' lang='lat' dir='ltr'>trabe</span> <span class='ocrx_word' id='word_1_278' title='bbox 513 3140 638 3178; x_wconf 82' lang='lat' dir='ltr'>warnur</span> <span class='ocrx_word' id='word_1_279' title='bbox 692 3123 1010 3195; x_wconf 77' lang='lat' dir='ltr'>gegendberrtehenden</span> <span class='ocrx_word' id='word_1_280' title='bbox 1041 3121 1256 3177; x_wconf 85' lang='lat' dir='ltr'>Haeresabthei·</span> 
     </span>
     <span class='ocr_line' id='line_1_34' title="bbox 76 3191 1254 3264; baseline -0.004 -15"><span class='ocrx_word' id='word_1_281' title='bbox 76 3196 123 3249; x_wconf 90' lang='lat' dir='ltr'>ein</span> <span class='ocrx_word' id='word_1_282' title='bbox 141 3195 258 3249; x_wconf 81' lang='lat' dir='ltr'>auderet</span> <span class='ocrx_word' id='word_1_283' title='bbox 275 3195 367 3249; x_wconf 86' lang='lat' dir='ltr'>Name</span> <span class='ocrx_word' id='word_1_284' title='bbox 387 3195 536 3249; x_wconf 84' lang='lat' dir='ltr'>derselben</span> <span class='ocrx_word' id='word_1_285' title='bbox 555 3193 639 3248; x_wconf 78' lang='lat' dir='ltr'>staur</span> <span class='ocrx_word' id='word_1_286' title='bbox 691 3195 768 3264; x_wconf 81' lang='lat' dir='ltr'>lang.</span> <span class='ocrx_word' id='word_1_287' title='bbox 823 3192 992 3264; x_wconf 77' lang='lat' dir='ltr'>Gegensata:</span> <span class='ocrx_word' id='word_1_288' title='bbox 1029 3191 1075 3246; x_wconf 90' lang='lat' dir='ltr'>die</span> <span class='ocrx_word' id='word_1_289' title='bbox 1111 3191 1254 3260; x_wconf 83' lang='lat' dir='ltr'>Truppen,</span> 
     </span>
     <span class='ocr_line' id='line_1_35' title="bbox 76 3261 1256 3332; baseline -0.003 -12"><span class='ocrx_word' id='word_1_290' title='bbox 76 3267 126 3320; x_wconf 90' lang='lat' dir='ltr'>der</span> <span class='ocrx_word' id='word_1_291' title='bbox 144 3265 192 3320; x_wconf 91' lang='lat' dir='ltr'>bei</span> <span class='ocrx_word' id='word_1_292' title='bbox 210 3267 271 3320; x_wconf 86' lang='lat' dir='ltr'>Arr.</span> <span class='ocrx_word' id='word_1_293' title='bbox 290 3271 316 3319; x_wconf 83' lang='lat'>4.</span> <span class='ocrx_word' id='word_1_294' title='bbox 336 3272 359 3322; x_wconf 92' lang='lat'>1.</span> <span class='ocrx_word' id='word_1_295' title='bbox 379 3270 395 3320; x_wconf 80' lang='lat' dir='ltr'>t</span> <span class='ocrx_word' id='word_1_296' title='bbox 416 3284 442 3321; x_wconf 92' lang='lat' dir='ltr'>u.</span> <span class='ocrx_word' id='word_1_297' title='bbox 462 3270 487 3322; x_wconf 82' lang='grc' dir='ltr'><strong>δ.</strong></span> <span class='ocrx_word' id='word_1_298' title='bbox 506 3264 636 3320; x_wconf 82' lang='lat' dir='ltr'>vorkom-</span> <span class='ocrx_word' id='word_1_299' title='bbox 692 3264 801 3320; x_wconf 83' lang='lat' dir='ltr'>welche</span> <span class='ocrx_word' id='word_1_300' title='bbox 824 3261 950 3318; x_wconf 79' lang='lat' dir='ltr'>Caranus</span> <span class='ocrx_word' id='word_1_301' title='bbox 972 3261 1137 3332; x_wconf 82' lang='lat' dir='ltr'>befehligte.</span> <span class='ocrx_word' id='word_1_302' title='bbox 1173 3261 1256 3316; x_wconf 92' lang='lat' dir='ltr'>Doch</span> 
     </span>
     <span class='ocr_line' id='line_1_36' title="bbox 74 3333 1022 3410; baseline -0.003 -21"><span class='ocrx_word' id='word_1_303' title='bbox 74 3336 177 3390; x_wconf 87' lang='lat' dir='ltr'>mendo</span> <span class='ocrx_word' id='word_1_304' title='bbox 192 3337 333 3407; x_wconf 75' lang='lat' dir='ltr'>Zariaspa</span> <span class='ocrx_word' id='word_1_305' title='bbox 346 3361 381 3382; x_wconf 91' lang='lat'><em>=</em></span> <span class='ocrx_word' id='word_1_306' title='bbox 397 3336 491 3391; x_wconf 75' lang='lat' dir='ltr'>‘stadt</span> <span class='ocrx_word' id='word_1_307' title='bbox 509 3336 561 3389; x_wconf 91' lang='lat' dir='ltr'>der</span> <span class='ocrx_word' id='word_1_308' title='bbox 579 3335 639 3404; x_wconf 81' lang='lat' dir='ltr'>gel-</span> <span class='ocrx_word' id='word_1_309' title='bbox 694 3352 714 3390; x_wconf 86' lang='lat' dir='ltr'>s.</span> <span class='ocrx_word' id='word_1_310' title='bbox 734 3335 789 3389; x_wconf 90' lang='lat' dir='ltr'>den</span> <span class='ocrx_word' id='word_1_311' title='bbox 806 3333 1022 3410; x_wconf 70' lang='lat' dir='ltr'>kritAnhang.</span> 
     </span>
     <span class='ocr_line' id='line_1_37' title="bbox 74 3403 1257 3472; baseline -0.003 -10"><span class='ocrx_word' id='word_1_312' title='bbox 74 3408 130 3462; x_wconf 90' lang='lat' dir='ltr'>ben</span> <span class='ocrx_word' id='word_1_313' title='bbox 162 3408 272 3463; x_wconf 56' lang='lat' dir='ltr'>Rosea.</span> <span class='ocrx_word' id='word_1_314' title='bbox 319 3408 376 3463; x_wconf 87' lang='lat' dir='ltr'>Der</span> <span class='ocrx_word' id='word_1_315' title='bbox 407 3407 488 3462; x_wconf 81' lang='lat' dir='ltr'>Flnss</span> <span class='ocrx_word' id='word_1_316' title='bbox 520 3405 638 3460; x_wconf 84' lang='lat' dir='ltr'>Bactrus</span> <span class='ocrx_word' id='word_1_317' title='bbox 728 3410 771 3459; x_wconf 82' lang='lat'>35.</span> <span class='ocrx_word' id='word_1_318' title='bbox 802 3405 893 3459; x_wconf 81' lang='lat' dir='ltr'>aeica</span> <span class='ocrx_word' id='word_1_319' title='bbox 923 3409 1087 3472; x_wconf 83' lang='lat' dir='ltr'>utraeque</span> <span class='ocrx_word' id='word_1_320' title='bbox 1112 3403 1158 3458; x_wconf 75' lang='lat' dir='ltr'>fiir</span> <span class='ocrx_word' id='word_1_321' title='bbox 1185 3405 1257 3458; x_wconf 80' lang='lat' dir='ltr'>acics</span> 
     </span>
     <span class='ocr_line' id='line_1_38' title="bbox 75 3474 1257 3548; baseline -0.002 -17"><span class='ocrx_word' id='word_1_322' title='bbox 75 3479 165 3532; x_wconf 88' lang='lat' dir='ltr'>heisst</span> <span class='ocrx_word' id='word_1_323' title='bbox 179 3478 253 3548; x_wconf 83' lang='lat' dir='ltr'>jetzt</span> <span class='ocrx_word' id='word_1_324' title='bbox 270 3477 408 3534; x_wconf 78' lang='lat' dir='ltr'>Buuhcb.</span> <span class='ocrx_word' id='word_1_325' title='bbox 440 3477 522 3532; x_wconf 88' lang='lat' dir='ltr'>Nach</span> <span class='ocrx_word' id='word_1_326' title='bbox 537 3475 639 3531; x_wconf 84' lang='lat' dir='ltr'>Arrian</span> <span class='ocrx_word' id='word_1_327' title='bbox 692 3480 817 3545; x_wconf 72' lang='lat' dir='ltr'>unaque</span> <span class='ocrx_word' id='word_1_328' title='bbox 854 3474 893 3530; x_wconf 82' lang='lat' dir='ltr'>So</span> <span class='ocrx_word' id='word_1_329' title='bbox 914 3475 988 3529; x_wconf 91' lang='lat' dir='ltr'>anch</span> <span class='ocrx_word' id='word_1_330' title='bbox 1010 3474 1107 3530; x_wconf 82' lang='lat' dir='ltr'>Cicero</span> <span class='ocrx_word' id='word_1_331' title='bbox 1128 3474 1257 3530; x_wconf 77' lang='lat' dir='ltr'>1111th</span> 
     </span>
     <span class='ocr_line' id='line_1_39' title="bbox 74 3545 1257 3614; baseline 0 -12"><span class='ocrx_word' id='word_1_332' title='bbox 74 3550 142 3603; x_wconf 86' lang='lat' dir='ltr'>kam</span> <span class='ocrx_word' id='word_1_333' title='bbox 162 3550 241 3604; x_wconf 83' lang='lat' dir='ltr'>Alex.</span> <span class='ocrx_word' id='word_1_334' title='bbox 260 3550 334 3603; x_wconf 87' lang='lat' dir='ltr'>nach</span> <span class='ocrx_word' id='word_1_335' title='bbox 352 3547 456 3604; x_wconf 86' lang='lat' dir='ltr'>Bactra</span> <span class='ocrx_word' id='word_1_336' title='bbox 475 3563 533 3602; x_wconf 87' lang='lat' dir='ltr'>von</span> <span class='ocrx_word' id='word_1_337' title='bbox 552 3546 640 3602; x_wconf 85' lang='lat' dir='ltr'>Oeten</span> <span class='ocrx_word' id='word_1_338' title='bbox 694 3563 739 3602; x_wconf 82' lang='lat' dir='ltr'>sar</span> <span class='ocrx_word' id='word_1_339' title='bbox 752 3545 912 3614; x_wconf 83' lang='lat' dir='ltr'>bisweilen,</span> <span class='ocrx_word' id='word_1_340' title='bbox 926 3546 1019 3600; x_wconf 83' lang='lat' dir='ltr'>uumal</span> <span class='ocrx_word' id='word_1_341' title='bbox 1030 3562 1112 3601; x_wconf 82' lang='lat' dir='ltr'>wenn</span> <span class='ocrx_word' id='word_1_342' title='bbox 1125 3547 1257 3603; x_wconf 82' lang='lat' dir='ltr'>dasSub·</span> 
     </span>
     <span class='ocr_line' id='line_1_40' title="bbox 74 3616 1257 3690; baseline -0.002 -16"><span class='ocrx_word' id='word_1_343' title='bbox 74 3621 127 3675; x_wconf 91' lang='lat' dir='ltr'>her</span> <span class='ocrx_word' id='word_1_344' title='bbox 144 3621 214 3675; x_wconf 79' lang='lat' dir='ltr'>iiber</span> <span class='ocrx_word' id='word_1_345' title='bbox 232 3620 384 3690; x_wconf 83' lang='lat' dir='ltr'>Drapsaca</span> <span class='ocrx_word' id='word_1_346' title='bbox 689 3618 861 3685; x_wconf 81' lang='lat' dir='ltr'>stantivum,</span> <span class='ocrx_word' id='word_1_347' title='bbox 879 3616 933 3672; x_wconf 82' lang='lat' dir='ltr'>wie</span> <span class='ocrx_word' id='word_1_348' title='bbox 952 3618 1037 3685; x_wconf 84' lang='lat' dir='ltr'>acics,</span> <span class='ocrx_word' id='word_1_349' title='bbox 1056 3617 1118 3672; x_wconf 89' lang='lat' dir='ltr'>eine</span> <span class='ocrx_word' id='word_1_350' title='bbox 1131 3617 1257 3672; x_wconf 87' lang='lat' dir='ltr'>Vielheit</span> 
     </span>
     <span class='ocr_line' id='line_1_41' title="bbox 112 3687 1257 3758; baseline -0.001 -14"><span class='ocrx_word' id='word_1_351' title='bbox 112 3697 155 3747; x_wconf 80' lang='lat'>32.</span> <span class='ocrx_word' id='word_1_352' title='bbox 174 3692 330 3758; x_wconf 78' lang='lat' dir='ltr'>defectio.</span> <span class='ocrx_word' id='word_1_353' title='bbox 349 3690 639 3746; x_wconf 81' lang='lat' dir='ltr'>S.oben6.1.1-21.</span> <span class='ocrx_word' id='word_1_354' title='bbox 693 3705 750 3745; x_wconf 83' lang='lat' dir='ltr'>von</span> <span class='ocrx_word' id='word_1_355' title='bbox 772 3687 939 3744; x_wconf 85' lang='lat' dir='ltr'>Indiriduen</span> <span class='ocrx_word' id='word_1_356' title='bbox 962 3687 1136 3743; x_wconf 77' lang='lat' dir='ltr'>bezeichnet.</span> <span class='ocrx_word' id='word_1_357' title='bbox 1161 3719 1189 3728; x_wconf 94' lang='lat'><em>-</em></span> <span class='ocrx_word' id='word_1_358' title='bbox 1212 3690 1257 3743; x_wconf 73' lang='lat' dir='ltr'>le·-</span> 
     </span>
     <span class='ocr_line' id='line_1_42' title="bbox 74 3759 1257 3833; baseline -0.002 -16"><span class='ocrx_word' id='word_1_359' title='bbox 74 3762 169 3817; x_wconf 89' lang='lat' dir='ltr'>Ueber</span> <span class='ocrx_word' id='word_1_360' title='bbox 192 3763 247 3817; x_wconf 88' lang='lat' dir='ltr'>den</span> <span class='ocrx_word' id='word_1_361' title='bbox 269 3761 401 3833; x_wconf 89' lang='lat' dir='ltr'>Baginn</span> <span class='ocrx_word' id='word_1_362' title='bbox 422 3761 502 3831; x_wconf 81' lang='lat' dir='ltr'>jener</span> <span class='ocrx_word' id='word_1_363' title='bbox 523 3760 640 3830; x_wconf 84' lang='lat' dir='ltr'>Krieges</span> <span class='ocrx_word' id='word_1_364' title='bbox 695 3760 777 3816; x_wconf 83' lang='lat' dir='ltr'>bero.</span> <span class='ocrx_word' id='word_1_365' title='bbox 814 3759 880 3831; x_wconf 84' lang='lat' dir='ltr'>Vgl.</span> <span class='ocrx_word' id='word_1_366' title='bbox 904 3760 979 3816; x_wconf 77' lang='lat' dir='ltr'>loeus</span> <span class='ocrx_word' id='word_1_367' title='bbox 1002 3759 1070 3814; x_wconf 79' lang='lat' dir='ltr'>leber</span> <span class='ocrx_word' id='word_1_368' title='bbox 1088 3759 1123 3813; x_wconf 84' lang='lat' dir='ltr'>ab</span> <span class='ocrx_word' id='word_1_369' title='bbox 1142 3759 1257 3815; x_wconf 79' lang='lat' dir='ltr'>arbitrie</span> 
     </span>
     <span class='ocr_line' id='line_1_43' title="bbox 75 3829 1257 3902; baseline -0.002 -16"><span class='ocrx_word' id='word_1_370' title='bbox 75 3834 155 3888; x_wconf 87' lang='lat' dir='ltr'>hatte</span> <span class='ocrx_word' id='word_1_371' title='bbox 183 3833 262 3888; x_wconf 85' lang='lat' dir='ltr'>Alex.</span> <span class='ocrx_word' id='word_1_372' title='bbox 296 3833 369 3888; x_wconf 87' lang='lat' dir='ltr'>nach</span> <span class='ocrx_word' id='word_1_373' title='bbox 398 3832 501 3888; x_wconf 84' lang='lat' dir='ltr'>Arrian</span> <span class='ocrx_word' id='word_1_374' title='bbox 530 3834 565 3902; x_wconf 81' lang='lat'>(3.</span> <span class='ocrx_word' id='word_1_375' title='bbox 596 3833 640 3902; x_wconf 80' lang='lat' dir='ltr'>lo)</span> <span class='ocrx_word' id='word_1_376' title='bbox 694 3832 741 3887; x_wconf 86' lang='lat' dir='ltr'>bei</span> <span class='ocrx_word' id='word_1_377' title='bbox 777 3830 887 3898; x_wconf 80' lang='lat' dir='ltr'>Oicer03</span> <span class='ocrx_word' id='word_1_378' title='bbox 924 3831 1026 3886; x_wconf 80' lang='lat' dir='ltr'>liberae</span> <span class='ocrx_word' id='word_1_379' title='bbox 1061 3829 1140 3884; x_wconf 78' lang='lat' dir='ltr'>aeda</span> <span class='ocrx_word' id='word_1_380' title='bbox 1173 3829 1257 3899; x_wconf 87' lang='lat' dir='ltr'>(leere</span> 
     </span>
     <span class='ocr_line' id='line_1_44' title="bbox 75 3900 1256 3972; baseline -0.003 -14"><span class='ocrx_word' id='word_1_381' title='bbox 75 3903 182 3959; x_wconf 85' lang='lat' dir='ltr'>bereits</span> <span class='ocrx_word' id='word_1_382' title='bbox 200 3903 230 3958; x_wconf 91' lang='lat' dir='ltr'>in</span> <span class='ocrx_word' id='word_1_383' title='bbox 249 3904 321 3958; x_wconf 84' lang='lat' dir='ltr'>Susa</span> <span class='ocrx_word' id='word_1_384' title='bbox 338 3904 438 3958; x_wconf 86' lang='lat' dir='ltr'>Kunde</span> <span class='ocrx_word' id='word_1_385' title='bbox 457 3904 593 3958; x_wconf 86' lang='lat' dir='ltr'>erhalten.</span> <span class='ocrx_word' id='word_1_386' title='bbox 606 3933 640 3944; x_wconf 92' lang='lat'>-</span> <span class='ocrx_word' id='word_1_387' title='bbox 694 3903 813 3972; x_wconf 75' lang='lat' dir='ltr'>Htuser)</span> <span class='ocrx_word' id='word_1_388' title='bbox 831 3902 879 3957; x_wconf 89' lang='lat' dir='ltr'>bei</span> <span class='ocrx_word' id='word_1_389' title='bbox 895 3901 1000 3957; x_wconf 84' lang='lat' dir='ltr'>Livius.</span> <span class='ocrx_word' id='word_1_390' title='bbox 1015 3930 1049 3940; x_wconf 89' lang='lat'><em>-</em></span> <span class='ocrx_word' id='word_1_391' title='bbox 1064 3900 1196 3966; x_wconf 82' lang='lat' dir='ltr'>ducum,</span> <span class='ocrx_word' id='word_1_392' title='bbox 1215 3915 1256 3954; x_wconf 88' lang='lat' dir='ltr'>er-</span> 
     </span>
     <span class='ocr_line' id='line_1_45' title="bbox 75 3971 1257 4045; baseline -0.005 -16"><span class='ocrx_word' id='word_1_393' title='bbox 75 3976 325 4045; x_wconf 82' lang='lat' dir='ltr'>Laconuntque,</span> <span class='ocrx_word' id='word_1_394' title='bbox 344 3992 365 4033; x_wconf 86' lang='lat' dir='ltr'>s.</span> <span class='ocrx_word' id='word_1_395' title='bbox 384 3980 409 4029; x_wconf 87' lang='grc'><strong>6.</strong></span> <span class='ocrx_word' id='word_1_396' title='bbox 425 3980 481 4028; x_wconf 68' lang='grc' dir='ltr'><strong>Μ</strong></span> <span class='ocrx_word' id='word_1_397' title='bbox 500 3973 642 4044; x_wconf 77' lang='lat' dir='ltr'>Spartam,</span> <span class='ocrx_word' id='word_1_398' title='bbox 695 3976 783 4042; x_wconf 68' lang='lat' dir='ltr'>ganza</span> <span class='ocrx_word' id='word_1_399' title='bbox 796 3975 893 4038; x_wconf 57' lang='lat' dir='ltr'>sortia</span> <span class='ocrx_word' id='word_1_400' title='bbox 907 3973 980 4026; x_wconf 91' lang='lat' dir='ltr'>doch</span> <span class='ocrx_word' id='word_1_401' title='bbox 993 3971 1095 4040; x_wconf 84' lang='lat' dir='ltr'>sprach</span> <span class='ocrx_word' id='word_1_402' title='bbox 1109 3971 1257 4024; x_wconf 79' lang='lat' dir='ltr'>maranch</span> 
     </span>
     <span class='ocr_line' id='line_1_46' title="bbox 75 4042 1257 4122; baseline -0.007 -20"><span class='ocrx_word' id='word_1_403' title='bbox 75 4047 213 4114; x_wconf 77' lang='lat' dir='ltr'>Achaeos,</span> <span class='ocrx_word' id='word_1_404' title='bbox 233 4045 642 4116; x_wconf 79' lang='lat' dir='ltr'>Pebponnesum,t1bersetre:</span> <span class='ocrx_word' id='word_1_405' title='bbox 695 4060 751 4098; x_wconf 83' lang='lat' dir='ltr'>von</span> <span class='ocrx_word' id='word_1_406' title='bbox 769 4043 861 4099; x_wconf 90' lang='lat' dir='ltr'>einem</span> <span class='ocrx_word' id='word_1_407' title='bbox 879 4047 988 4097; x_wconf 80' lang='lat' dir='ltr'>eventus</span> <span class='ocrx_word' id='word_1_408' title='bbox 1005 4042 1145 4122; x_wconf 77' lang='lat' dir='ltr'>hominurn</span> <span class='ocrx_word' id='word_1_409' title='bbox 1155 4055 1257 4094; x_wconf 82' lang='lat' dir='ltr'>=ruc·</span> 
     </span>
     <span class='ocr_line' id='line_1_47' title="bbox 75 4110 1257 4173; baseline -0.005 -1"><span class='ocrx_word' id='word_1_410' title='bbox 75 4118 327 4173; x_wconf 86' lang='lat' dir='ltr'>inebesondere</span> <span class='ocrx_word' id='word_1_411' title='bbox 346 4118 396 4172; x_wconf 88' lang='lat' dir='ltr'>der</span> <span class='ocrx_word' id='word_1_412' title='bbox 413 4113 640 4171; x_wconf 77' lang='lat' dir='ltr'>Lacedtmonier.</span> <span class='ocrx_word' id='word_1_413' title='bbox 696 4129 791 4170; x_wconf 70' lang='lat' dir='ltr'>nsaw.</span> <span class='ocrx_word' id='word_1_414' title='bbox 812 4144 846 4156; x_wconf 90' lang='lat'>-</span> <span class='ocrx_word' id='word_1_415' title='bbox 864 4113 1024 4169; x_wconf 78' lang='lat' dir='ltr'>secuturi.</span> <span class='ocrx_word' id='word_1_416' title='bbox 1064 4110 1144 4165; x_wconf 82' lang='lat' dir='ltr'>Smn:</span> <span class='ocrx_word' id='word_1_417' title='bbox 1169 4110 1206 4164; x_wconf 91' lang='lat' dir='ltr'>da</span> <span class='ocrx_word' id='word_1_418' title='bbox 1226 4126 1257 4166; x_wconf 82' lang='lat' dir='ltr'>aa</span> 
     </span>
     <span class='ocr_line' id='line_1_48' title="bbox 75 4180 1258 4256; baseline -0.008 -12"><span class='ocrx_word' id='word_1_419' title='bbox 75 4225 110 4235; x_wconf 91' lang='grc'>-</span> <span class='ocrx_word' id='word_1_420' title='bbox 133 4189 349 4256; x_wconf 75' lang='lat' dir='ltr'>nuntiaturi,</span> <span class='ocrx_word' id='word_1_421' title='bbox 376 4188 458 4242; x_wconf 86' lang='lat' dir='ltr'>barte</span> <span class='ocrx_word' id='word_1_422' title='bbox 481 4184 641 4240; x_wconf 80' lang='lat' dir='ltr'>Substanti-</span> <span class='ocrx_word' id='word_1_423' title='bbox 696 4185 787 4240; x_wconf 88' lang='lat' dir='ltr'>einem</span> <span class='ocrx_word' id='word_1_424' title='bbox 813 4183 898 4255; x_wconf 88' lang='lat' dir='ltr'>jeden</span> <span class='ocrx_word' id='word_1_425' title='bbox 925 4182 990 4239; x_wconf 83' lang='lat' dir='ltr'>klar</span> <span class='ocrx_word' id='word_1_426' title='bbox 1013 4198 1085 4251; x_wconf 81' lang='lat' dir='ltr'>war,</span> <span class='ocrx_word' id='word_1_427' title='bbox 1112 4180 1178 4236; x_wconf 79' lang='lat' dir='ltr'>daeo</span> <span class='ocrx_word' id='word_1_428' title='bbox 1202 4198 1258 4237; x_wconf 81' lang='lat' dir='ltr'>von</span> 
     </span>
     <span class='ocr_line' id='line_1_49' title="bbox 74 4251 1258 4330; baseline -0.008 -16"><span class='ocrx_word' id='word_1_429' title='bbox 74 4259 178 4330; x_wconf 82' lang='lat' dir='ltr'>virung</span> <span class='ocrx_word' id='word_1_430' title='bbox 203 4285 238 4306; x_wconf 67' lang='grc' dir='ltr'>ιι</span> <span class='ocrx_word' id='word_1_431' title='bbox 261 4255 291 4313; x_wconf 77' lang='grc' dir='ltr'>οἱ</span> <span class='ocrx_word' id='word_1_432' title='bbox 311 4253 505 4328; x_wconf 73' lang='grc' dir='ltr'>ἀγγελοῦντες.</span> <span class='ocrx_word' id='word_1_433' title='bbox 525 4286 559 4296; x_wconf 90' lang='grc'><strong>-</strong></span> <span class='ocrx_word' id='word_1_434' title='bbox 583 4257 642 4312; x_wconf 82' lang='lat' dir='ltr'>ud·</span> <span class='ocrx_word' id='word_1_435' title='bbox 696 4256 761 4311; x_wconf 88' lang='lat' dir='ltr'>dem</span> <span class='ocrx_word' id='word_1_436' title='bbox 778 4253 900 4324; x_wconf 77' lang='lat' dir='ltr'>Kampsa</span> <span class='ocrx_word' id='word_1_437' title='bbox 923 4253 973 4307; x_wconf 84' lang='lat' dir='ltr'>dor</span> <span class='ocrx_word' id='word_1_438' title='bbox 991 4251 1098 4307; x_wconf 81' lang='lat' dir='ltr'>Bciden</span> <span class='ocrx_word' id='word_1_439' title='bbox 1119 4253 1193 4306; x_wconf 88' lang='lat' dir='ltr'>auch</span> <span class='ocrx_word' id='word_1_440' title='bbox 1212 4251 1258 4307; x_wconf 92' lang='lat' dir='ltr'>ihr</span> 
     </span>
     <span class='ocr_line' id='line_1_50' title="bbox 75 4322 1320 4399; baseline -0.008 -12"><span class='ocrx_word' id='word_1_441' title='bbox 75 4333 189 4399; x_wconf 85' lang='lat' dir='ltr'>fertur</span> <span class='ocrx_word' id='word_1_442' title='bbox 208 4329 227 4386; x_wconf 83' lang='lat' dir='ltr'>f.</span> <span class='ocrx_word' id='word_1_443' title='bbox 250 4331 408 4386; x_wconf 76' lang='lat' dir='ltr'>nuntiatur.</span> <span class='ocrx_word' id='word_1_444' title='bbox 446 4328 479 4382; x_wconf 93' lang='lat' dir='ltr'>In</span> <span class='ocrx_word' id='word_1_445' title='bbox 501 4325 643 4398; x_wconf 79' lang='lat' dir='ltr'>gleichem</span> <span class='ocrx_word' id='word_1_446' title='bbox 679 4324 999 4394; x_wconf 59' lang='lat' dir='ltr'>,Sohieksalabhanga</span> <span class='ocrx_word' id='word_1_447' title='bbox 1013 4322 1179 4394; x_wconf 79' lang='lat' dir='ltr'>cigentlioh:</span> <span class='ocrx_word' id='word_1_448' title='bbox 1193 4323 1260 4378; x_wconf 81' lang='lat' dir='ltr'>dass</span> <span class='ocrx_word' id='word_1_449' title='bbox 1315 4386 1320 4395; x_wconf 31' lang='grc' dir='ltr'>Ι</span> 
     </span>
     <span class='ocr_line' id='line_1_51' title="bbox 77 4393 1283 4466; baseline -0.012 -10"><span class='ocrx_word' id='word_1_450' title='bbox 77 4402 163 4456; x_wconf 82' lang='lat' dir='ltr'>Sinna</span> <span class='ocrx_word' id='word_1_451' title='bbox 182 4400 244 4456; x_wconf 87' lang='lat' dir='ltr'>Liv.</span> <span class='ocrx_word' id='word_1_452' title='bbox 259 4406 283 4456; x_wconf 86' lang='grc'><strong>3.</strong></span> <span class='ocrx_word' id='word_1_453' title='bbox 299 4406 343 4456; x_wconf 80' lang='grc'><strong>42.</strong></span> <span class='ocrx_word' id='word_1_454' title='bbox 358 4406 375 4454; x_wconf 81' lang='lat' dir='ltr'>t</span> <span class='ocrx_word' id='word_1_455' title='bbox 393 4405 509 4455; x_wconf 79' lang='lat' dir='ltr'>urreree</span> <span class='ocrx_word' id='word_1_456' title='bbox 524 4439 530 4452; x_wconf 92' lang='lat'>.</span> <span class='ocrx_word' id='word_1_457' title='bbox 545 4439 552 4456; x_wconf 93' lang='lat'>.</span> <span class='ocrx_word' id='word_1_458' title='bbox 568 4439 574 4452; x_wconf 91' lang='lat'>.</span> <span class='ocrx_word' id='word_1_459' title='bbox 593 4397 642 4454; x_wconf 82' lang='lat' dir='ltr'>ad·</span> <span class='ocrx_word' id='word_1_460' title='bbox 696 4396 742 4452; x_wconf 82' lang='lat' dir='ltr'>die</span> <span class='ocrx_word' id='word_1_461' title='bbox 770 4393 991 4466; x_wconf 76' lang='lat' dir='ltr'>Bntseheidung</span> <span class='ocrx_word' id='word_1_462' title='bbox 1014 4394 1165 4449; x_wconf 60' lang='lat' dir='ltr'>amoenam</span> <span class='ocrx_word' id='word_1_463' title='bbox 1183 4393 1283 4459; x_wconf 45' lang='lat' dir='ltr'>tenen</span> 
     </span>
    </p>
   </div>
   <div class='ocr_carea' id='block_1_4' title="bbox 0 0 1408 4792">
    <p class='ocr_par' dir='ltr' id='par_1_5' title="bbox 0 0 1408 4792">
     <span class='ocr_line' id='line_1_52' title="bbox 0 0 1408 4792; baseline 0 0"><span class='ocrx_word' id='word_1_464' title='bbox 0 0 1408 4792; x_wconf 95' lang='lat' dir='ltr'> </span> 
     </span>
    </p>
   </div>
  </div>
 </body>
</html>
