2790 4792
368 255 622 311 HISTORIARUM
640 256 856 311 ALEXANDRI
874 256 922 326 IV,
942 264 983 312 11.
1190 255 1252 320 147

76 420 183 504 stupri
212 423 319 484 ortum
347 438 418 482 csse
445 417 639 482 coniectans.
684 416 861 484 Summotis
887 420 989 504 igitur
1010 420 1153 504 arbitris,
1186 442 1252 486 uno
1272 440 1307 490 aa

76 509 247 574 dumtaxat
270 506 404 590 Tyriote
427 509 566 590 retento,
596 506 662 570 iam
683 528 751 570 non
774 508 868 592 flens,
895 507 952 572 sed
974 509 1153 592 suspirans,
1185 508 1252 573 ‘Vi-

76 595 201 680 desne',
227 594 347 679 inquit,
375 593 536 678 ‘Tyriote
558 594 665 659 locum
688 595 855 660 mendacio
878 617 945 661 non
968 597 1060 660 esse?
1092 600 1254 662 tormenta

74 686 143 750 iam
165 685 219 749 hic
242 685 349 748 emmt:
387 682 443 746 sed
466 704 507 746 ne
531 683 750 765 expectaveris
772 705 831 766 per
853 684 944 768 deos,
971 684 998 748 si
1021 685 1097 769 quid
1120 684 1181 748 tibi
1203 686 1252 749 tui

75 775 163 859 regis
191 770 391 836 reverentiae
417 773 479 835 est:
515 792 608 855 num,
640 771 725 854 quod
748 774 781 835 et
803 772 885 837 scire
908 775 1022 856 expeto
1046 776 1079 836 et
1101 794 1254 856 quaerere

75 862 191 946 pudet,
214 882 312 924 ausus
337 863 386 923 est
409 862 442 923 et
464 858 614 924 dominus
637 862 671 923 εὴ
692 859 851 925 iuvenisl'
896 859 957 925 Ille
980 861 1162 944 quaestioni
1184 882 1252 925 cor·
1271 882 1306 930 33

75 972 138 1034 pus
163 948 287 1031 offerre,
311 947 388 1012 deos
410 950 511 1012 testes
535 947 693 1026 invocare,
717 951 804 1012 caste
828 952 1001 1032 sancteque
1018 950 1164 1014 habitam
1183 970 1252 1013 csse
1360 1006 1363 1011 .

74 1038 232 1123 reginam.
268 1035 414 1101 Tandem
436 1038 473 1100 ut
495 1036 574 1100 fides
597 1035 685 1100 facta
708 1039 758 1100 est
776 1059 853 1101 vera
871 1058 951 1122 esse,
974 1060 1055 1121 quae
1069 1039 1253 1102 adfirmaret
1271 1058 1307 1107 34

76 1125 195 1211 spado,
227 1124 332 1209 capite
359 1125 466 1188 relato
495 1124 550 1187 diu
572 1124 663 1190 flevit
685 1125 954 1210 manantibusque
977 1126 1081 1190 adhuc
1103 1127 1255 1209 lacrimis,

74 1218 167 1279 reste
194 1214 235 1278 ab
264 1234 318 1277 ore
346 1212 477 1295 reiecta,
510 1212 551 1275 ad
579 1213 702 1276 caelum
730 1236 845 1278 manus
868 1213 1017 1297 tendens,
1055 1212 1113 1277 ‘Di
1135 1213 1256 1297 patrii',

75 1303 196 1386 inquit,
224 1300 375 1384 ‘primum
398 1300 478 1363 mihi
501 1300 642 1365 stabilite
665 1321 816 1385 regnum:
847 1301 973 1385 deinde,
1001 1301 1029 1366 si
1052 1302 1090 1365 de
1114 1323 1165 1365 me
1188 1302 1255 1365 iam

75 1394 279 1455 transactum
307 1391 369 1473 est,
400 1409 528 1472 precor,
558 1410 600 1452 nc
628 1390 700 1472 quis
726 1390 831 1473 potius
859 1390 957 1455 Asiae
987 1411 1043 1453 rex
1071 1390 1128 1473 sit,
1158 1412 1255 1474 quam

75 1479 140 1544 iste
163 1481 232 1543 tam
253 1477 358 1541 iustus
382 1476 500 1561 hostis,
522 1479 591 1540 tam
613 1478 796 1543 misericors
819 1478 941 1544 victor?

586 1633 665 1700 (lan.
687 1634 744 1701 XI.

23 1760 67 1823 43
168 1757 283 1842 Itaque
307 1779 502 1843 quamquam
524 1757 646 1822 frustra
667 1780 747 1843 pace
770 1759 820 1824 bis
844 1761 946 1843 petita
960 1760 1070 1824 omnia
1087 1759 1121 1823 in
1135 1761 1255 1824 bellum
1275 1780 1289 1828 1

78 1847 215 1913 consilia
237 1848 452 1930 converterat,
482 1845 587 1910 victus
610 1851 719 1911 tamen
742 1848 940 1912 continentia
960 1848 1066 1912 hostis
1090 1848 1131 1911 ad
1151 1870 1254 1913 noras

76 1937 168 2021 pacis
201 1935 404 2000 condiciones
437 1932 585 1998 ferendas
617 1954 641 1999 x
667 1936 806 2021 legatos
844 1938 1055 2021 cognatorum
1084 1936 1255 2020 principes,

77 2025 182 2089 misit:
220 2045 300 2108 quos
328 2022 511 2087 Alexander
542 2024 676 2089 consilio
706 2025 862 2090 advocato
891 2024 1051 2089 introduci
1077 2024 1180 2089 iussit.
1224 2023 1290 2093 Ea

79 2113 196 2197 quibus
219 2111 378 2175 maximus
401 2114 495 2196 natu,
527 2110 701 2197 ‘Dareum',
732 2113 851 2198 inquit,
882 2112 1069 2197 ‘utpacem
1092 2116 1166 2177 ate
1189 2113 1255 2177 iam

76 2202 141 2266 hoc
163 2199 260 2265 tertio
283 2201 416 2283 peteret,
437 2201 527 2264 nulla
548 2201 597 2265 vis
622 2202 761 2287 subegit,
783 2203 839 2266 sed
862 2201 988 2266 iustitia
1008 2204 1041 2266 et
1058 2202 1255 2269 continentia

76 2294 136 2354 tua
160 2287 325 2373 expressit.
369 2286 521 2372 Matrem,
544 2289 724 2375 coniugem,
747 2290 865 2355 liberos
889 2290 966 2373 eius,
988 2290 1052 2354 nisi
1075 2290 1162 2374 quod
1185 2290 1290 2358 sines

77 2379 135 2443 illo
165 2380 254 2460 sunt,
286 2379 398 2459 captos
427 2398 497 2441 esse
524 2398 592 2442 non
615 2379 788 2443 sensimus:
824 2378 998 2462 pudicitiae
1022 2401 1145 2463 earum,
1173 2400 1257 2464 quae

78 2467 266 2550 supersunt,
298 2485 408 2529 curam
433 2465 521 2529 haud
549 2487 641 2531 secus
664 2488 762 2550 quam
783 2488 901 2551 parens
924 2488 1024 2551 agens
1046 2467 1176 2553 reginas
1200 2490 1256 2551 ap-

77 2555 194 2639 pellas,
226 2553 366 2636 spcciem
397 2553 552 2638 pristinae
585 2553 733 2618 fortunae
765 2555 903 2619 retinere
934 2554 1064 2639 pateris.
1116 2554 1290 2624 Vulturna

78 2646 173 2707 tuum
195 2641 297 2725 video,
321 2642 424 2724 qualis
443 2640 542 2705 Darei
564 2641 635 2726 fuit,
658 2664 730 2707 cum
754 2641 988 2707 dimitteremur
1011 2642 1051 2706 ab
1074 2664 1125 2707 eo:
1150 2645 1183 2706 et
1199 2643 1254 2706 ille

77 2736 191 2796 tamen
212 2751 355 2814 uxorem,
376 2734 413 2794 tu
434 2729 564 2795 hostem
585 2731 688 2816 luges.
723 2730 794 2795 Iam
816 2731 852 2795 in
874 2731 942 2796 acie
961 2735 1074 2815 stares,
1096 2731 1160 2796 nisi
1178 2753 1255 2795 cura

78 2823 111 2884 te
139 2818 323 2903 sepulturae
351 2818 419 2883 eius
446 2820 636 2883 moraretur.
680 2817 806 2903 Ecquid
833 2819 951 2883 mirum
978 2822 1040 2902 est,
1072 2819 1100 2884 si
1121 2824 1190 2885 tam
1213 2823 1254 2885 ab

114 2998 158 3048 32.
172 2994 344 3048 summotis
355 2997 532 3062 ...retecta
546 2994 640 3049 starke
730 3000 754 3048 2.
773 2993 832 3050 hoc
849 2997 959 3064 tertio,
979 2994 1060 3065 ‘jetzt
1073 3013 1135 3049 rum
1149 2994 1255 3050 dritten

81 3063 256 3132 Tantologie.
266 3094 302 3103 -
316 3063 476 3120 tioifnrin
489 3069 522 3133 tc,
537 3064 639 3119 sEinl.
694 3064 780 3121 Male'
797 3092 831 3112 =
845 3068 894 3121 hoc
912 3067 1030 3133 tertiata,
1049 3066 1132 3120 τοῦτο
1146 3067 1255 3134 reiron

80 3139 103 3199 ἓ.
123 3134 194 3189 aab.
231 3132 323 3189 Ueber
350 3139 445 3204 expeto
472 3153 496 3191 c.
518 3135 595 3190 infin,
619 3154 639 3190 s.
694 3137 751 3206 vgl.
770 3139 897 3192 altimum
914 3138 987 3192 illud
1005 3143 1045 3191 10.
1062 3142 1086 3189 5.
1102 3142 1130 3201 33
1154 3135 1214 3189 Lis.
1229 3141 1253 3192 1.

79 3204 152 3259 Einl.
172 3209 195 3270 ξ.
215 3204 287 3259 341).
298 3225 325 3260 α.
695 3214 738 3261 29.
758 3214 783 3263 3.
802 3240 836 3250 —-
862 3208 1040 3277 expressit,
1061 3206 1123 3259 ‘hat
1140 3204 1189 3258 ihn
1206 3206 1254 3270 (ab

114 3282 157 3331 33.
191 3277 398 3346 quaestioni,
430 3293 487 3330 zur
513 3276 640 3346 Folter,
694 3279 810 3333 oooder
828 3279 865 3346 ei)
883 3279 953 3333 dazu
970 3275 1132 3347 gedrtngt’,
1151 3275 1205 3329 mit
1222 3280 1255 3330 ct

79 3345 132 3400 wie
150 3347 247 3413 offerre
264 3347 447 3415 reperiretis.
695 3347 781 3402 schon
799 3350 844 3404 bei
863 3348 919 3404 Cic.

114 3422 157 3470 34.
176 3417 642 3484 sactaest,ntml.Dosrco;der
731 3460 756 3508 3·
779 3454 965 3522 nim-quod,
990 3453 1063 3509 Em
1082 3458 1106 3520 §-
1125 3455 1255 3508 ffb·-

78 3487 355 3614 ffld'gfflssssll
363 3495 408 3614 1ἐό
429 3488 643 3613 gem&
694 3525 855 3591 sinemo,
874 3523 914 3579 ce
936 3541 993 3579 ens.
1012 3541 1073 3580 cem
1086 3524 1143 3593 erro,
1158 3550 1192 3571 =
1206 3542 1255 3596 ge·

78 3628 483 3756 aetssltzfflpgq
498 3629 641 3755 affl
694 3596 797 3734 trac
814 3612 1044 3722 {thasi-”-
1056 3613 1256 3736 ,tillet

80 3770 157 3825 Gana
175 3769 291 3825 ahnlieh
308 3771 379 3825 laist
396 3771 498 3825 Arrian
515 3760 570 3825 den
584 3770 639 3825 Da·
692 3735 840 3873 ffifflffiss
853 3738 981 3876 ,539stss
1000 3735 1260 3875 ffitgssffimaff

694 3882 871 3959 apparatum,
890 3884 914 3931 3.
927 3884 1013 3933 1212
1028 3878 1072 3932 od,
1081 3877 1255 3947 mapas‘ficen·

294 3962 357 4019 cn»,
374 3963 422 4019 xl,
693 3953 774 4016 tarra,
795 3947 893 4002 ebend.
912 3953 935 4013 §-
955 3955 997 4003 23.

116 4060 139 4107 1.
169 4052 427 4119 frustratis
449 4070 470 4106 s.
491 4059 514 4107 1.
535 4059 550 4107 7
568 4071 595 4108 u.
616 4058 640 4108 b.
731 4058 757 4107 4.
776 4053 901 4120 animo,
918 4053 1089 4109 vertraulioh
1104 4052 1256 4107 =homiaa

80 4130 108 4189 13
137 4124 239 4177 ebenso
258 4121 329 4176 Just.
347 4140 375 4177 u.
393 4121 490 4191 Diod,
513 4123 642 4194 dagegen
695 4123 748 4178 wie
767 4124 839 4178 auch
857 4123 905 4178 bei
923 4123 977 4176 den
995 4122 1159 4187 Komilrern3
1182 4121 1255 4176 abli-

79 4194 160 4248 weiss
185 4193 247 4246 Art.
275 4192 436 4263 fiberhaupt
463 4212 514 4248 nur
541 4210 598 4248 von
625 4201 641 4247 2
696 4195 762 4249 cher
791 4194 821 4249 in
848 4193 954 4248 diesem
982 4192 1050 4247 Sinn
1081 4192 1120 4247 ist
1150 4193 1254 4248 animo.

78 4262 452 4334 Friedcnsverhandlungen,
472 4282 492 4319 s.
512 4264 557 4320 die
571 4264 641 4318 Aus-
695 4264 790 4335 Vergl.
810 4264 864 4319 den
880 4262 1030 4318 ahnlichen
1044 4261 1191 4318 Gabrauch
1205 4263 1255 4318 des

77 4335 156 4405 leger
174 4353 208 4389 zu
226 4334 288 4388 An.
309 4340 333 4389 2.
353 4340 396 4390 2⁶.
421 4365 453 4374 —-
483 4341 641 4406 copnato·
695 4334 850 4390 deutschen
868 4334 981 4389 Wortes
1002 4333 1132 4389 ‘Seele'.
1153 4366 1185 4375 —
1206 4351 1255 4388 ar·

78 4422 162 4475 ram,
181 4413 207 4461 3.
225 4411 252 4458 3.
272 4411 314 4460 14.
695 4407 771 4474 mis,
791 4410 908 4476 crghnze
926 4406 970 4460 iia.

989 4493 1042 4547 10*

78 3841 135 3895 rius
153 3841 215 3895 sich
232 3846 354 3897 tussam.
