2790 4792
158 263 220 327 192
608 260 639 330 Q.
659 264 769 322 coam
786 266 873 322 RUFI

156 445 249 491 suam
271 428 405 511 quisque
428 428 594 492 fortunam
616 428 650 491 in
673 429 807 494 consilio
830 430 940 512 habet,
964 452 1036 493 cum
1060 430 1099 494 de
1122 430 1228 494 aliena
1251 429 1327 494 deli-

154 515 255 579 berat.
291 514 364 579 Nisi
386 519 497 581 mutuo
521 517 630 580 miseri
652 538 804 601 essemus,
826 518 904 581 olim
927 517 1008 581 alius
1032 519 1087 582 alii
1109 518 1326 602 potuissemus

155 625 224 667 esse
250 603 396 668 fastidio:
429 604 505 688 qnid
532 605 650 668 mirum
672 609 722 669 est
743 606 926 670 fortunatos
951 627 1076 690 semper
1097 628 1208 690 parem
1231 628 1327 690 quae-

95 691 244 756 rasere?
290 691 430 757 Obsecro
457 715 528 774 vos,
561 694 637 757 olim
665 694 732 758 vita
760 693 902 758 defuncti
929 716 1121 778 quaeramus
1144 695 1265 778 locum,
1292 696 1327 758 in

150 803 217 866 quo
245 781 325 846 haec
353 803 476 847 semesa
503 782 686 846 obruamus.
732 780 824 845 Grati
851 804 983 865 prorsus
1011 783 1214 868 coniugibus,
1247 805 1327 866 quas

153 871 283 936 iuvenes
306 870 464 954 duximus,
486 871 695 934 revertemur!
733 869 840 934 Liberi
857 871 891 933 in
904 870 983 935 flore
997 875 1030 935 et
1044 872 1159 934 aetatis
1174 875 1206 934 et
1220 893 1327 935 rerum

101 971 134 1022 1'4
153 960 354 1044 adgnoscent
375 963 484 1042 patres
508 958 664 1042 ergastuli
686 958 893 1022 detrimenta!
932 958 978 1022 Et
1002 963 1101 1044 quota
1122 981 1198 1043 pars
1222 960 1327 1023 nostri

151 1052 203 1113 tot
235 1048 325 1112 obire
356 1051 459 1111 terras
491 1046 620 1131 potest?
665 1045 783 1110 Procul
810 1045 944 1129 Europa
976 1048 1010 1110 in
1041 1048 1156 1111 ultima
1186 1047 1326 1111 Orientis

152 1137 295 1221 relegati,
319 1157 420 1218 senes,
444 1135 572 1218 debiles,
595 1135 716 1198 maiore
739 1135 956 1200 membrorum
978 1139 1071 1219 parte
1094 1136 1226 1199 mulcati
1248 1136 1328 1199 tole—

101 1246 134 1295 15
152 1225 295 1289 rabimus
319 1223 449 1305 scilicet,
472 1245 553 1308 qnae
573 1226 714 1287 armatos
733 1227 766 1286 et
783 1223 920 1287 victores
938 1224 1128 1309 fatigarunt.
1165 1222 1327 1309 Coniuges

152 1313 280 1396 deinde,
312 1334 391 1395 quas
424 1311 526 1395 captis
557 1310 624 1375 fors
657 1315 690 1374 et
719 1311 897 1375 necessitas
929 1312 1060 1376 unicum
1091 1312 1245 1376 solacium
1274 1313 1327 1375 ad-

151 1402 277 1485 plicuit,
308 1421 490 1484 parvosque
516 1399 635 1464 liberos
657 1399 817 1463 trahimus
840 1399 1009 1464 nobiscum
1028 1422 1071 1463 an
1093 1400 1325 1482 relinquimus?

96 1511 133 1560 ,11
153 1488 235 1554 Oum
261 1489 312 1552 his
339 1488 505 1552 venientes
532 1509 627 1551 nemo
651 1487 846 1571 adgnoscere
869 1489 969 1552 volet:
1006 1489 1224 1572 relinquemus
1248 1510 1326 1572 ergo

152 1577 311 1661 extemplo
333 1577 517 1660 praesentia
534 1576 681 1660 pignora,
704 1597 777 1639 cum
795 1575 954 1641 incertum
973 1577 1023 1659 sit,
1047 1598 1089 1640 an
1106 1577 1207 1640 visuri
1226 1577 1326 1640 simus

151 1666 220 1749 illa,
248 1687 329 1749 quae
351 1664 513 1748 petimus?
559 1664 650 1728 Inter
672 1665 732 1728 hos
755 1663 921 1729 latendum
945 1669 1007 1748 est,
1030 1665 1085 1748 qui
1107 1686 1167 1728 nos
1191 1664 1325 1728 miseros

96 1776 132 1824 11
151 1775 246 1819 nosse
270 1751 469 1837 coeperunt.2
515 1751 604 1816 Haec
626 1751 816 1816 Euctemon.
862 1751 985 1817 Contra
1008 1752 1201 1816 Theaetetus
1225 1751 1375 1816 Ache-19

150 1843 270 1906 niensis
299 1864 390 1906 orsus
419 1844 469 1905 est
491 1841 608 1904 dicere:
640 1839 811 1905 Neminem
833 1842 923 1923 pium
945 1840 1059 1904 habitu
1082 1841 1225 1923 eorporis
1249 1864 1325 1905 suos

152 1932 409 2013 aestimaturum,
440 1928 550 2013 utique
579 1929 713 1993 saevitia
735 1929 852 2012 hostis,
882 1950 949 1993 non
971 1932 1087 1993 natura
1110 1929 1325 1993 calamitosos

150 2017 295 2102 Dignum
317 2039 386 2081 esse
410 2017 499 2081 omni
521 2018 616 2100 malo,
639 2018 694 2101 qui
713 2017 914 2081 erubesceret
926 2017 1075 2081 fortuito:
1099 2017 1225 2081 tristem
1240 2018 1325 2080 enim

152 2107 190 2170 de
222 2106 420 2170 mortalitate
452 2104 535 2168 ferre
568 2107 763 2169 sententiam
794 2109 828 2169 et
859 2106 1028 2189 desperare
1064 2105 1324 2188 misericordiam,

96 2215 132 2264 18
151 2195 226 2279 quia
257 2194 326 2278 ipse
354 2193 448 2256 alteri
475 2193 690 2278 denegaturus
718 2194 769 2258 sit.
815 2193 914 2277 Deos,
947 2193 1034 2276 quod
1060 2193 1122 2277 ipsi
1148 2215 1324 2277 numquam

152 2285 264 2365 optare
288 2281 359 2346 ausi
381 2281 496 2362 forent,
519 2281 647 2346 offerre:
669 2282 819 2366 patriam,
842 2282 1004 2365 coniuges,
1026 2281 1146 2345 liberos
1170 2285 1210 2363 et,
1235 2282 1324 2365 quid-

94 2393 132 2440 19
152 2370 228 2454 quid
259 2370 406 2434 homines
437 2370 490 2433 vel
520 2370 588 2434 vita
617 2370 789 2434 aestimant
814 2371 866 2434 vel
893 2373 997 2434 morte
1024 2369 1193 2435 redimunt.
1240 2369 1325 2445 Quin

150 2458 198 2521 illi
222 2479 260 2521 ex
282 2458 344 2522 hoc
367 2479 491 2522 carcere
514 2457 741 2542 erumperent?
767 2458 864 2522 alium
883 2458 971 2522 domi
984 2479 1055 2521 esse
1069 2458 1148 2521 caeli
1162 2459 1324 2541 haustum,

151 2547 249 2611 alium
285 2547 365 2610 lucis
402 2550 577 2630 aspectum.
635 2546 757 2629 Mores,
794 2569 900 2629 sacra,
935 2547 1065 2630 linguae
1097 2547 1322 2610 commercium

150 2636 248 2699 etiam
277 2657 296 2698 a
323 2635 469 2699 barbaris
492 2635 611 2718 expeti:
644 2656 726 2719 quae
748 2635 895 2719 ingenita
917 2635 980 2718 ipsi
1003 2635 1153 2698 omissuri
1177 2635 1243 2698 sint
1266 2657 1322 2698 sua

151 2728 282 2806 sponte,
311 2745 379 2788 non
406 2724 447 2787 cb
476 2723 562 2787 aliud
584 2726 652 2786 tam
676 2723 869 2806 calamitosi,
899 2744 996 2807 quam
1020 2722 1105 2806 quod
1128 2722 1191 2785 illis
1216 2744 1321 2786 carere

187 2938 229 2985 13.
243 2932 316 2984 cito
330 2932 491 2998 defuncti,
512 2931 636 3000 ‘fertig
648 2930 710 2984 mit
763 2937 900 2997 4.14.11;
919 2936 953 2984 22
972 2948 998 2983 u.
1013 2930 1086 2984 Einl.
1102 2935 1124 2995 ἓ.
1141 2937 1165 2985 5.
1177 2962 1209 2968 -
1228 2946 1322 2985 nosse

149 3001 493 3056 demLeben’.-baec
505 3019 633 3070 semesa,
648 3001 709 3055 hin-
763 3006 942 3069 coeperunt
959 3026 993 3047 =
1012 3007 1200 3070 cognoverant.

149 3072 271 3126 weisend
290 3097 324 3116 =
341 3073 407 3126 boec
423 3086 523 3126 semeso
540 3075 708 3126 membra—
800 3078 841 3126 17.
870 3077 989 3126 contra
1011 3096 1045 3116 =
1068 3071 1108 3124 im
1136 3073 1320 3143 entgcgenge-

149 3144 185 3196 ia
207 3144 307 3208 flore,
334 3159 405 3212 ganz
428 3141 541 3195 ahnlich
568 3148 654 3196 10.5.
676 3150 709 3198 10
763 3141 1321 3207 11111ηὸ1111.-ί111111131.1ηαῑο;

149 3215 181 3266 ia
203 3215 349 3281 flectatis
371 3214 558 3280 fortunaeque.
587 3243 620 3251 -
652 3215 709 3267 ad·
763 3213 845 3268 Sinn:
868 3214 918 3267 der
935 3212 996 3267 sich
1014 3211 1089 3267 eines
1106 3214 1321 3267 unverschul·

147 3289 306 3352 paosccat
323 3283 377 3336 mit
388 3289 483 3351 potres
501 3300 534 3335 zu
547 3281 708 3337 verbinden.
763 3284 866 3338 deten
884 3284 1001 3337 schamir.
1021 3313 1055 3322 -
1073 3285 1320 3338 mortalitate=

149 3384 185 3393 -
212 3355 411 3408 detrimento
442 3370 505 3422 erp.
534 3378 568 3397 =
590 3353 709 3408 homines
765 3353 1084 3422 ‘Menschennatur’,
1103 3354 1254 3408 nachclass.

148 3426 284 3492 ergastulo
312 3425 432 3478 detritos.
473 3422 509 3478 So
538 3424 656 3478 braucht
678 3423 708 3480 Ο.
800 3425 1321 3494 18.etquidquid=‘undwaasonst

145 3496 315 3549 incrementa
334 3501 357 3549 1.
368 3501 416 3560 423
432 3500 615 3562 purgamento
629 3501 706 3549 c.11.
761 3495 856 3562 noch'3
875 3496 924 3550 der
943 3495 1012 3549 Sinn
1030 3494 1078 3549 des
1091 3495 1254 3564 Fclgenden
1272 3497 1321 3550 ist:

149 3572 166 3619 2
186 3566 305 3620 concret.
342 3564 369 3619 S.
388 3564 461 3620 Einl.
480 3570 503 3630 ξ.
523 3570 547 3621 5.
762 3583 819 3620 was
833 3569 910 3621 sonet
921 3566 995 3620 noch
1007 3565 1052 3619 die
1063 3565 1320 3620 Menschentheuer

187 3635 708 3704 1411111111111111111,(11111111
762 3637 859 3690 halten
890 3636 984 3706 gleich
1010 3635 1101 3690 ihrem
1127 3637 1222 3690 Leben
1254 3638 1321 3708 (wie

169 3706 238 3776 flegt
255 3707 308 3760 mit
326 3706 418 3761 einem
435 3723 497 3776 gen.
512 3705 629 3775 san'ect.
647 3722 708 3760 ver·
762 3708 903 3760 aestimare
929 3709 1037 3777 iacenti
1056 3709 1200 3776 pecuaria),
1233 3707 1321 3762 bezie·

147 3725 262 3832 bunden
279 3796 313 3831 zu
331 3778 454 3843 werden3
475 3777 532 3846 vgl.
550 3777 640 3830 nostri
656 3793 707 3830 me-
761 3776 893 3830 hendlich
918 3777 971 3831 mit
994 3778 1058 3832 dem
1080 3778 1176 3832 Leben
1197 3777 1238 3830 im
1260 3779 1322 3832 Fall

38 3843 44 3853 '
148 3846 708 3917 111111111118111111111111111
761 3847 922 3902 drohenden
948 3848 1091 3902 Verlustes
1122 3867 1155 3901 zu
1188 3848 1322 3903 erkaufen

149 3918 178 3973 (1.
198 3925 223 3973 4.
243 3925 267 3974 3.
287 3925 333 3984 2⁰3
359 3925 383 3972 6.
403 3923 428 3971 4.
448 3924 473 3971 5.
501 3948 534 3956 -
562 3923 708 3972 armatos
760 3918 851 3972 bereit
869 3917 940 3973 sind.

148 3994 178 4043 et
194 3991 339 4044 victores
357 4013 391 4034 ==
410 3987 543 4042 einHeer
559 4004 615 4041 von
629 3986 707 4042 Krie-
798 3995 838 4044 19.
871 4007 889 4043 a
916 3990 1073 4045 barbaris
1100 3991 1176 4043 wohl
1203 4015 1237 4034 =
1263 3985 1321 4045 ὑπὸ

148 4076 229 4130 gem,
257 4060 342 4114 noch
361 4060 444 4113 dazu
461 4057 706 4127 siegesfreudigen.
759 4058 815 4112 τῶν
834 4056 992 4132 βαρβάρων.
1014 4059 1123 4113 Unklar
1140 4059 1186 4127 ist,
1205 4061 1241 4114 ob
1260 4077 1323 4115 cam

186 4136 227 4185 15.
246 4131 411 4184 trahimus
428 4127 482 4183 wie
501 4135 583 4183 3.13.
600 4135 641 4183 12.
670 4127 706 4183 So
761 4129 874 4184 Graeca
897 4129 963 4184 oder
984 4145 1045 4183 cam
1058 4130 1244 4198 popularibus
1261 4133 1323 4188 sais

147 4201 211 4255 wir:
223 4201 356 4255 ‘nehmen
364 4199 415 4254 wir
424 4199 464 4253 sie
473 4198 525 4253 mit
535 4199 706 4267 odernicht’,
759 4218 822 4254 zum
844 4200 1100 4269 Vorhergehenden
1126 4219 1160 4254 zu
1183 4207 1323 4272 erg'anzen

147 4268 189 4322 im
206 4270 290 4325 Sinna
309 4268 386 4325 eines
404 4269 592 4324 Dubitativus.
759 4271 810 4338 ist3
838 4271 884 4325 die
902 4271 1006 4324 erstere
1024 4270 1155 4340 Deutung
1174 4274 1323 4341 empfiehlt

186 4347 226 4395 16.
254 4343 428 4410 extemplo,
460 4339 511 4395 auf
534 4339 585 4394 der
611 4339 706 4409 Stella,
760 4341 810 4395 der
828 4341 1080 4410 Zusammenhang,
1102 4342 1177 4396 dann
1194 4343 1234 4398 ist
1252 4345 1322 4400 aber

84 4418 87 4423 '
146 4408 270 4466 leichten
287 4412 403 4479 Kaufes3
431 4412 500 4467 fiber
513 4412 662 4481 pignora
685 4429 705 4464 s.
761 4411 927 4466 Graecorum
945 4413 1018 4466 nach
1036 4418 1172 4480 aspectam
1186 4413 1274 4469 kaurn
1288 4434 1323 4470 zu
