2790 4800
348 254 603 310 HISTORIARUM
620 255 836 311 ALEXANDRI
853 255 906 327 IV,
927 263 968 313 14.
1185 256 1246 321 161

70 421 206 486 ordines
224 441 323 500 raros,
346 441 465 483 cornua
479 421 616 501 extenta,
639 419 776 482 mediam
790 419 891 482 aciem
904 441 1030 504 vanam,
1044 420 1249 497 exhaustam:

74 532 154 575 nam
177 508 297 592 ultimi,
320 530 399 592 quos
422 507 540 572 locavit
563 528 704 590 aversos,
726 510 818 591 terga
840 508 905 571 iam
927 509 1090 592 praebent.
1127 508 1247 594 Obteri,

71 598 273 680 mehercule,
297 618 450 681 equorum
473 596 601 680 ungulis
623 598 765 678 possunt,
789 596 914 660 etiamsi
936 597 1018 661 nihil
1038 601 1165 682 praeter
1187 598 1246 662 fal·

75 691 168 752 catos
197 708 306 750 currus
334 685 477 749 emisero.
522 683 566 748 Et
588 684 672 748 bello
695 684 876 769 vicerimus,
907 686 935 749 si
956 686 1089 751 vicimus
1111 687 1247 771 proelio:
1267 707 1301 757 15

75 799 155 840 nam
177 796 219 838 ne
241 774 305 838 illis
325 773 453 857 quidem
476 773 516 836 ad
534 773 646 856 fugam
663 772 752 836 locus
771 776 833 836 est:
856 774 932 838 hinc
945 775 1137 858 Euphrates,
1160 775 1248 839 illinc

78 865 186 949 Tigris
217 863 369 947 prohibet
399 862 548 927 inclusos.
593 861 638 924 Et
669 882 750 944 quae
778 865 873 926 antea
900 885 958 946 pro
985 863 1049 928 illis
1077 860 1181 947 erant,
1213 863 1248 927 in
1268 884 1302 933 16

75 953 274 1017 contrarium
300 973 393 1015 versa
420 953 504 1014 sunt.
548 947 706 1014 Nostrum
733 950 850 1014 mobile
874 955 906 1015 et
928 953 1110 1035 expeditum
1133 973 1250 1037 agmen

78 1046 140 1125 est,
173 1041 252 1105 illud
279 1039 396 1123 praeda
424 1059 528 1123 grave.
573 1038 749 1122 Inplicatos
777 1059 853 1123 ergo
882 1041 992 1123 spoliis
1014 1041 1134 1105 nostris
1156 1042 1249 1105 truci·

78 1131 235 1213 dabimus,
258 1129 429 1211 eademque
452 1148 503 1191 res
527 1130 559 1190 et
582 1149 678 1190 causa
694 1127 755 1190 erit
767 1127 919 1192 victoriae
934 1133 967 1193 et
979 1129 1110 1194 fructus.
1143 1128 1301 1205 Quod-1⁷

78 1220 106 1282 si
138 1240 234 1304 quem
265 1239 282 1280 e
313 1216 405 1282 vobis
436 1237 555 1279 nomen
583 1215 688 1299 gentis
718 1220 840 1300 movet,
873 1217 1005 1302 cogitet,
1036 1217 1248 1282 Macedonum

76 1307 143 1371 illic
167 1329 257 1371 arma
280 1327 358 1389 esse,
380 1326 448 1369 non
466 1325 608 1387 corpora.
645 1303 784 1368 Multum
803 1306 889 1370 enim
908 1307 1098 1392 sanguinem
1112 1307 1249 1372 invicem

77 1396 258 1478 hausimus,
290 1398 322 1459 et
354 1413 479 1477 semper
511 1393 638 1477 gravior
667 1393 702 1456 in
727 1395 888 1476 paucitate
916 1395 1039 1460 iactura
1062 1399 1118 1459 est.
1163 1394 1249 1460 Nam
1269 1415 1303 1464 18

77 1484 273 1564 Alexander,
310 1486 585 1567 quantuscumque
619 1482 744 1566 ignavis
782 1487 815 1547 et
845 1484 966 1548 timidis
998 1484 1098 1548 videri
1133 1488 1249 1568 potest,

77 1596 179 1637 unum
202 1572 322 1636 animal
344 1574 394 1634 est
416 1573 459 1654 et,
488 1570 515 1634 si
543 1570 619 1654 quid
646 1570 726 1633 mihi
749 1572 888 1654 creditis,
915 1573 1120 1637 temerarium
1143 1576 1176 1637 et
1197 1595 1249 1637 ve-

75 1684 165 1740 cors,
198 1660 300 1728 adhuc
326 1662 438 1724 nostro
465 1679 596 1742 pavore,
629 1681 725 1743 quam
753 1682 812 1724 sua
837 1662 954 1725 virtute
981 1662 1113 1725 felicius.
1158 1660 1249 1726 Nihil
1270 1681 1302 1730 19

79 1753 188 1814 autem
211 1752 318 1833 potest
341 1769 409 1812 esse
433 1747 627 1830 diuturnum,
650 1748 701 1811 cui
722 1770 789 1812 non
813 1749 922 1813 subest
943 1750 1036 1813 ratio.
1069 1748 1159 1814 Licet
1180 1751 1249 1815 feli-

77 1839 160 1903 citas
193 1839 354 1921 adspirare
386 1837 545 1919 videatur,
581 1839 688 1899 tamen
720 1837 760 1900 ad
790 1838 939 1901 ultimum
974 1839 1148 1902 temeritati
1183 1860 1250 1904 non

79 1927 207 1992 sufficit.
257 1926 426 1989 Praeterea
453 1926 564 1989 breves
594 1927 627 1988 et
653 1925 823 1990 mutabiles
850 1927 934 1991 vices
961 1948 1067 1990 rerum
1097 1929 1184 2011 sunt,
1217 1931 1250 1992 et

79 2016 210 2081 fortuna
240 2036 416 2100 numquam
444 2013 630 2096 simpliciter
660 2013 815 2100 indulget.
859 2013 1010 2079 Forsitan
1036 2015 1082 2079 ita
1110 2015 1153 2079 dii
1180 2015 1249 2080 fata
1268 2036 1302 2085 so
1345 2014 1348 2019 ’

79 2105 322 2188 ordinaverunt,
344 2107 382 2167 ut
404 2102 573 2166 Persarum
595 2103 779 2186 imperium,
803 2103 889 2188 quod
912 2103 1050 2168 secundo
1074 2125 1169 2168 cursu
1191 2127 1250 2189 per

78 2211 192 2258 ccxxx
221 2213 322 2256 annos
351 2192 391 2256 ad
419 2213 580 2255 summum
606 2191 773 2275 fastigium
800 2196 982 2276 evexerant,
1013 2213 1132 2277 magno
1159 2197 1250 2258 motu

79 2285 287 2346 concuterent
314 2280 418 2364 magis
446 2301 542 2363 quam
566 2279 755 2364 adfligerent
778 2281 1047 2364 admonerentque
1069 2303 1129 2346 nos
1151 2282 1248 2367 fragi-

79 2371 181 2434 litatis
212 2370 385 2452 humanae,
422 2369 511 2432 cuius
542 2368 642 2432 nimia
672 2369 707 2433 in
736 2370 897 2453 prosperis
923 2370 1017 2434 rebus
1046 2371 1163 2434 oblivio
1191 2376 1249 2435 est.

78 2457 177 2523 Modo
193 2458 322 2522 Graecis
345 2459 429 2522 ultro
447 2457 568 2521 bellum
585 2457 816 2522 inferebamus:
839 2459 973 2522 nuncin
987 2458 1116 2523 sedibus
1130 2460 1248 2523 nostris
1267 2479 1300 2527 21

40 2556 42 2563 '
78 2548 305 2631 propulsamus
337 2547 482 2609 inlatum.
537 2545 705 2609 Jactamur
740 2546 876 2610 invicem
907 2547 1061 2610 varietate
1093 2547 1249 2613 fortunae.

79 2635 238 2700 Videlicet
268 2635 450 2718 imperium,
483 2633 558 2718 quia
589 2637 701 2698 mutuo
734 2635 943 2718 adfectamus,
975 2657 1041 2698 una
1072 2655 1151 2719 gens
1182 2657 1249 2699 non

22 2725 175 2807 bhcapit.
222 2722 383 2807 Ceterum,
416 2723 542 2787 etiamsi
570 2743 642 2805 spes
664 2745 732 2788 non
755 2724 912 2806 subesset,
943 2723 1117 2787 necessitas
1139 2728 1249 2788 tamen
1267 2745 1301 2793 22

81 2814 246 2877 stimulare
270 2812 410 2876 deberet:
435 2811 474 2875 ad
498 2813 640 2874 extrema
661 2815 849 2894 perventum
874 2815 930 2876 est.
974 2810 1112 2876 Matrem
1135 2834 1249 2898 meam,

79 2909 158 2965 duas
181 2901 277 2985 filias,
310 2900 434 2965 Ochum
456 2900 491 2964 in
515 2921 604 2983 spem
625 2900 721 2965 huius
744 2900 869 2984 imperii
892 2901 1050 2985 genitum,
1080 2902 1250 2987 principes,
1327 2916 1333 2937 ’

119 3082 159 3130 14.
174 3076 424 3145 deprehendere,
444 3075 566 3128 ‘haben
579 3090 638 3128 ans
729 3081 770 3129 17.
784 3075 938 3142 1111111111,
957 3075 1078 3130 ‘haben
1094 3077 1168 3144 (von
1182 3076 1250 3131 bei-

80 3147 182 3201 Licht
199 3146 386 3217 gebracht,
404 3145 498 3199 kdhne
511 3145 639 3200 Personi-
692 3146 893 3212 denSeiten)
905 3146 1249 3215 vcrgcssen',wiehau-

80 3218 199 3273 fikation
216 3235 272 3272 von
289 3219 386 3285 compi.
406 3249 440 3257 -
471 3233 590 3271 111111
616 3234 637 3270 s.
692 3218 748 3270 rire
765 3219 926 3287 sanquinem
944 3217 1028 3271 echon
1049 3217 1095 3271 bei
1114 3216 1170 3270 llic.

81 3295 106 3354 ξ.
126 3296 155 3356 83
179 3306 226 3342 zur
245 3287 334 3342 Sache
354 3294 395 3341 13.
415 3294 456 3342 31.
477 3317 509 3327 -
529 3288 639 3341 obteri
729 3294 769 3341 18.
788 3293 1082 3357 quantascumque,
1101 3287 1147 3341 die
1162 3304 1249 3357 ganne

82 3385 117 3404 =
136 3362 372 3414 καταπατεῖσθαι.
692 3357 779 3412 Stelle
807 3358 930 3412 erinnert
960 3376 997 3412 an
1024 3357 1070 3412 die
1098 3358 1249 3414 0111111119-

121 3436 162 3484 15.
181 3431 209 3483 si
226 3432 368 3484 vicimus
386 3429 431 3483 fiir
448 3430 474 3483 si
487 3429 637 3483 vicerimus.
691 3427 773 3482 ristik
791 3429 962 3483 Alexanders
978 3427 1026 3482 bei
1044 3428 1139 3483 Livius
1162 3435 1185 3484 9.
1208 3437 1249 3485 18.

82 3499 222 3554 Aehnlich
240 3500 308 3556 Sall.
328 3499 387 3554 Cat.
407 3506 448 3554 58.
469 3507 493 3554 9.
526 3498 639 3554 Corrclr-
730 3505 772 3553 19.
792 3501 915 3566 sabech
935 3499 1015 3554 Sinn:
1033 3517 1091 3554 was
1109 3501 1188 3554 nicht
1202 3501 1253 3556 auf

81 3574 128 3626 ter
148 3571 203 3626 Cic.
223 3588 286 3655 epp.
307 3570 640 3653 1o.19qaiAptoaiam
692 3570 889 3654 Ucberlegung
916 3590 943 3625 u.
972 3570 1176 3655 Besonnenheit
1202 3573 1250 3627 be-

81 3641 640 3781 altatriilllttrltttslu
693 3642 1251 3783 {Ediscatilllnfltfeffeltfi

81 3787 108 3838 si
131 3786 283 3839 vicerimus.
318 3784 383 3854 Vgl.
407 3783 467 3838 Liv.
491 3790 533 3837 21.
557 3790 600 3839 43.
623 3790 639 3837 2
693 3785 763 3837 sices
781 3785 863 3838 111111
881 3809 915 3829 =
932 3784 1050 3839 Phasen.
1066 3817 1100 3825 —
1117 3787 1261 3852 simpli--

81 3858 108 3909 si
125 3857 288 3924 habueritis,
307 3857 433 3924 vicimum
453 3854 581 3909 ebendas.
597 3860 641 3909 44.
694 3856 791 3924 citer,
825 3855 963 3925 ‘ehrlich,
996 3857 1068 3911 ohne
1099 3855 1250 3910 heimliche

83 3934 99 3981 9
118 3929 144 3981 si
161 3928 211 3981 hoc
229 3932 280 3992 est,
297 3927 423 3994 vicimus,
449 3925 505 3979 Cic.
518 3925 596 3980 Verr.
615 3931 639 3979 9.
695 3925 811 3981 Tdcke'.
849 3926 875 3980 S.
895 3927 967 3982 oben
986 3934 1028 3981 11.
1048 3932 1089 3980 22.

84 4003 136 4051 145
161 3998 414 4065 adiudicaturus,
433 3997 548 4050 1111111111
569 4015 595 4050 u.
616 4001 641 4049 t.
730 4003 772 4052 20.
791 3997 979 4065 forsitans.
998 3997 1069 4052 Elinl.
1088 4002 1111 4062 ἕ.
1127 4003 1168 4051 32.
1194 3996 1250 4049 Da-

80 4067 124 4122 st.
148 4087 185 4123 m.
214 4100 247 4108 -
281 4069 322 4123 ad
343 4069 456 4137 fayore
482 4068 535 4122 uie
558 4067 641 4136 sapae
694 4067 750 4121 rius
772 4068 861 4123 meint
883 4069 928 4123 die
948 4068 1010 4123 Zeit
1026 4085 1082 4122 von
1100 4073 1248 4122 ceo-331.

81 4141 159 4194 locris
176 4145 199 4204 ὅ.
221 4147 262 4194 11.
285 4140 341 4193 Der
355 4139 387 4192 E'
429 4156 484 4208 ang
502 4139 552 4193 der
565 4137 642 4192 Rede
697 4141 1027 4209 -odmoriereretque
1054 4164 1088 4184 =
1114 4137 1172 4192 und
1198 4156 1250 4193 uns

82 4209 209 4264 erinnert
240 4211 302 4264 sehr
334 4227 370 4264 an
428 4209 555 4264 annibals
586 4209 641 4262 An·
695 4228 756 4263 nur
774 4210 925 4265 hinweisen
943 4210 1057 4265 wollten
1075 4209 1125 4264 auf
1139 4227 1206 4264 usw.

82 4281 201 4350 sprache
219 4281 279 4336 biv.
299 4288 341 4336 21.
360 4286 394 4335 43
412 4300 439 4335 u.
458 4287 501 4337 44.
732 4287 774 4336 21.
792 4287 901 4336 11111111
918 4306 952 4327 --
970 4280 1052 4335 beide
1070 4280 1209 4350 zugleich,
1228 4299 1251 4336 s.

121 4351 641 4422 11111111111111111--111111111-
695 4350 768 4406 Einl.
787 4358 810 4418 §.
829 4358 872 4406 22.
891 4383 924 4391 —
947 4352 1041 4419 capit
1058 4376 1092 4397 =
1110 4351 1186 4406 kann
1203 4352 1256 4406 be-

79 4424 153 4493 ptis,
171 4423 225 4478 wie
244 4430 269 4481 9.
289 4430 333 4478 19.
694 4421 833 4492 haupten,
850 4422 1008 4478 fcsthalten.

138 4523 235 4577 Voorn,
249 4523 275 4573 Q.
289 4523 386 4565 (turtius.
400 4523 419 4563 1.
446 4524 465 4563 2.
479 4522 539 4563 Aufl.
1006 4518 1040 4567 11
