2790 4792
63 256 67 264 .
127 219 169 284 76
581 221 613 287 Q.
633 219 744 276 GURTI
761 220 849 275 RUFI

126 389 191 470 est,
222 384 364 467 reddito,
400 382 481 449 ‘Nec
512 382 624 468 solus’,
655 383 774 468 inquit,
811 381 932 447 ‘bibere
965 384 1109 449 sustineo
1141 406 1202 450 nec
1234 389 1309 452 tam

126 473 278 558 exiguum
311 472 453 537 dividere
487 471 640 537 omnibus
672 493 816 556 possum.
870 469 939 536 Vos
971 471 1091 538 currite
1124 477 1159 538 et
1190 474 1309 540 liberis

125 562 256 646 vestris,
279 561 364 647 quod
387 564 520 645 propter
542 560 617 625 illos
642 560 820 644 attulistis,
843 558 939 625 datc'.

74 659 106 706 13
215 650 360 715 Tandem
380 650 420 714 ad
438 649 558 714 flumen
573 647 679 713 Oxum
697 649 768 732 ipse
787 649 935 732 pervenit
953 650 1059 732 prima
1077 649 1360 738 ferevespera,21

127 739 183 803 sed
198 740 357 805 exercitus
371 758 492 823 magna
505 760 581 822 pars
595 759 662 802 non
680 739 831 821 potuerat
844 737 1006 822 consequi.
1037 738 1077 802 In
1092 740 1179 805 edito
1194 746 1310 807 monte

125 827 219 912 ignes
246 828 338 892 iubet
366 826 449 911 fieri,
476 830 514 890 ut
539 826 579 909 ii,
610 827 666 911 qui
693 845 790 910 aegre
818 826 1047 911 sequebantur,
1078 827 1166 892 haud
1193 831 1311 913 procul

73 924 107 973 14
126 916 243 982 castris
280 916 369 1000 ipsos
408 915 523 980 abesse
558 918 800 1000 cognoscerent.
856 913 924 979 Eos
957 919 1079 1000 autem,
1116 918 1173 1002 qui
1209 919 1311 1002 primi

106 1005 268 1092 ,agminis
293 1008 400 1089 erant,
426 1007 553 1069 mature
576 1005 649 1069 cibo
673 1025 711 1068 ac
732 1003 864 1087 potione
886 1003 1047 1089 firmatos,
1073 1004 1199 1089 inplere
1224 1008 1310 1072 alios

126 1098 230 1178 utres,
253 1093 335 1159 alios
358 1115 451 1178 vasa,
474 1093 729 1178 quibuscumque
749 1113 834 1177 aqua
856 1093 982 1175 portari
1004 1096 1129 1178 posset,
1152 1095 1253 1160 iussit
1272 1118 1311 1161 ac

73 1189 106 1239 15
127 1183 194 1247 suis
214 1203 309 1267 opem
332 1181 427 1248 ferre.
463 1179 526 1246 Sed
544 1181 600 1266 qui
622 1180 892 1264 intemperantius
914 1180 1104 1267 hauserant,
1126 1183 1311 1250 intercluso

126 1271 244 1355 spiritu
258 1271 395 1335 extincti
409 1273 485 1334 sunt
503 1270 672 1355 multoque
686 1269 790 1334 maior
806 1268 923 1333 horum
941 1291 1094 1335 numerus
1111 1270 1189 1355 fuit,
1209 1294 1311 1357 quam

74 1368 107 1416 16
125 1360 196 1424 ullo
216 1360 371 1436 amiserat
392 1358 526 1442 proelio.
563 1356 610 1422 At
632 1357 689 1422 ille
707 1357 875 1423 thoracem
893 1357 997 1423 adhuc
1019 1358 1152 1424 indutus
1169 1381 1232 1425 nec
1252 1365 1312 1426 aut

126 1449 199 1513 cibo
227 1446 368 1513 refectus
397 1449 454 1510 aut
480 1449 575 1531 potu,
604 1468 668 1531 qua
689 1445 842 1511 veniebat
869 1445 1042 1531 exercitus,
1069 1448 1221 1514 constitit
1249 1472 1313 1516 nec

128 1540 203 1601 ante
231 1535 272 1600 ad
304 1534 483 1600 curandum
510 1555 626 1619 corpus
658 1533 807 1619 recessit,
840 1556 938 1618 quam
968 1536 1219 1622 praeterierant,
1253 1539 1313 1624 qui

127 1645 246 1710 agmen
273 1625 465 1710 chudebuut,
496 1627 665 1710 totamque
693 1645 778 1689 eam.
795 1627 926 1689 noctem
954 1645 1027 1688 cum
1059 1645 1178 1710 magno
1208 1627 1313 1693 animi

74 1726 107 1776 17
126 1720 218 1781 motu
250 1715 417 1801 perpetuis
449 1713 573 1800 vigiliis
604 1713 679 1799 egit.
729 1709 800 1777 Nee
831 1714 963 1796 postero
996 1712 1047 1777 die
1079 1712 1199 1779 laetior
1231 1721 1314 1801 erat,

126 1807 204 1893 quia
239 1826 299 1871 nec
335 1803 469 1887 navigia
504 1803 648 1868 habebat
679 1823 738 1867 nec
774 1823 857 1886 pons
891 1801 972 1885 erigi
1003 1804 1149 1886 poterat,
1186 1803 1313 1869 circum

126 1918 255 1963 amnem
276 1893 363 1960 nudo
386 1893 450 1958 solo
473 1896 507 1957 et
526 1891 663 1957 materia
681 1891 821 1955 maxime
845 1889 958 1954 sterili.
996 1887 1178 1956 Consilium
1196 1892 1312 1978 igitur,

127 1986 213 2070 quod
235 2006 336 2050 unum
358 1981 536 2047 necessitas
561 1980 757 2063 subiecerat,
783 1979 854 2044 init
899 1975 997 2043 Utres
1021 2001 1119 2063 quam
1146 1980 1313 2065 plurimos

76 2083 109 2132 18
128 2073 316 2138 stramentis
335 2071 473 2136 refertos
494 2069 619 2134 dividit.
651 2067 713 2132 His
731 2067 925 2132 incubantes
943 2070 1155 2133 transnavere
1170 2091 1313 2156 amnem,

127 2162 247 2246 quique
274 2160 370 2244 primi
401 2160 614 2237 transierant,
646 2156 681 2220 in
710 2155 852 2221 statione
884 2159 998 2240 erant,
1024 2154 1101 2220 dum
1132 2157 1315 2224 traicerent

128 2249 236 2315 ceteri.
282 2246 353 2312 Hoc
380 2247 477 2312 modo
505 2250 599 2312 sexto
627 2247 758 2310 demum
785 2243 837 2309 die
863 2244 898 2308 in
926 2243 1080 2309 ulteriore
1106 2246 1179 2329 ripa
1201 2250 1314 2312 totum

129 2337 305 2404 exercitum
329 2335 488 2419 exposuit.
1136 2363 1139 2368 ·

76 2435 108 2482 19
218 2424 352 2508 Iamque
374 2424 415 2488 ad
436 2423 696 2508 persequendum
714 2423 850 2487 Bessum
870 2423 1029 2486 statuerat
1046 2423 1213 2508 progredi,
1238 2428 1366 2493 oum22

130 2537 183 2598 ea,
207 2537 290 2600 quae
312 2513 346 2577 in
366 2511 537 2598 Sogdianis
558 2517 662 2597 erant,
686 2511 864 2597 cognoscit.
902 2508 1107 2594 Spitamenes
1132 2517 1202 2576 erat
1225 2513 1316 2579 inter

130 2626 241 2669 omnes
275 2603 397 2668 amicos
426 2602 599 2687 praecipuo
631 2602 755 2666 honore
788 2601 893 2665 cultus
926 2622 945 2663 a
972 2599 1090 2683 Besso,
1122 2601 1179 2665 sed
1210 2603 1316 2667 nullis

74 2693 255 2758 mmeritis
278 2692 415 2777 perfidia
438 2692 582 2777 mitigari
605 2694 728 2774 potest:
756 2710 838 2773 quae
861 2692 971 2752 tamen
993 2688 1060 2752 iam
1083 2688 1190 2753 minus
1214 2691 1251 2755 in
1275 2713 1316 2757 eo

128 2781 238 2845 invisa
262 2802 332 2845 esse
355 2781 500 2863 poterat,
523 2780 599 2863 quia
621 2779 704 2843 nihil
722 2778 783 2842 ulli
804 2777 970 2842 nefastum
989 2777 1023 2840 in
1036 2776 1189 2863 Bessum,
1212 2778 1317 2846 inter-

129 2869 286 2934 fectorem
309 2868 396 2952 regis
415 2868 479 2952 sui,
502 2866 682 2931 videbatur.
719 2865 849 2930 Titulus
874 2864 1013 2930 facinori
1031 2865 1196 2949 speciosus
1220 2890 1317 2951 prae-

130 2956 310 3037 ferebatur,
341 2954 485 3019 vindicta
516 2954 630 3019 Darei:
664 2954 719 3019 sed
751 2954 931 3037 fortunam,
962 2975 1029 3017 non
1061 2954 1165 3019 scelus
1199 2957 1318 3022 oderat

77 3053 110 3102 21
130 3043 233 3108 Bessi.
270 3043 419 3127 Namque
442 3047 479 3107 ut
492 3041 714 3107 Alexandrum
738 3043 858 3107 flumen
878 3041 982 3107 Oxum
1003 3064 1174 3126 superasse
1193 3066 1317 3132 cogno·

130 3133 193 3217 vit,
219 3130 463 3215 Dataphernem
491 3135 524 3195 et
552 3127 722 3215 Catenem,
751 3130 867 3215 quibus
891 3154 911 3195 a
933 3130 1035 3196 Besso
1064 3132 1208 3196 maxima
1232 3134 1316 3200 fides

123 3324 264 3394 'verlegen
289 3323 329 3378 sie
353 3338 389 3377 an
410 3323 490 3378 einen
508 3322 615 3377 andern
633 3321 693 3390 Ort,
748 3321 842 3376 sikern
861 3321 968 3376 sowohl
986 3321 1040 3377 mit
1061 3323 1094 3376 iu
1117 3324 1174 3379 loco
1197 3326 1243 3380 als
1263 3328 1319 3383 mit

131 3395 230 3450 dalem
257 3393 297 3449 sie
321 3393 480 3462 uberhaupt
505 3393 567 3448 eine
589 3392 694 3447 Lokal·
747 3394 886 3448 inlocum
904 3393 1074 3448 verbunden.

131 3466 242 3534 angebo
259 3464 361 3519 haben.
377 3495 413 3504 -
431 3464 523 3519 Ueber
540 3465 693 3519 sustineo
785 3470 827 3518 19.
838 3463 1056 3532 Spitamenes.
1077 3464 1251 3537 Sataanfang
1262 3469 1318 3526 wie

132 3552 155 3590 e.
174 3536 250 3589 infin.
270 3553 291 3589 s.
310 3534 383 3588 Einl.
403 3540 418 3600 ξ
437 3541 472 3588 34
490 3535 517 3589 b.
749 3541 772 3588 6.
788 3541 813 3590 8.
829 3540 853 3588 2.
868 3565 902 3574 -
920 3535 1088 3604 misirere
1107 3536 1164 3606 vgl.
1183 3539 1318 3608 mitigare

169 3610 210 3659 15.
230 3605 415 3660 baueeraut
432 3605 478 3659 fur
496 3605 622 3660 baberent
639 3604 692 3660 wie
746 3605 863 3672 rabiem,
877 3605 995 3659 dolorem
1003 3624 1032 3658 u.
1043 3610 1069 3658 a.
1095 3606 1234 3663 Gleichen
1245 3609 1318 3665 Sinn

132 3681 191 3744 §83
206 3683 231 3730 3.
247 3682 271 3730 6.
287 3682 303 3730 9
318 3694 343 3730 u.
360 3682 384 3732 6.
400 3707 432 3716 -
448 3676 487 3729 Zn
503 3677 693 3731 intercluso
746 3676 797 3730 hat
816 3683 839 3731 6.
859 3680 884 3728 8.
906 3681 920 3729 7
944 3676 1070 3743 beneficio
1088 3678 1210 3733 alicuius
1229 3683 1316 3748 cinei.

133 3765 153 3802 s.
173 3753 198 3802 3.
219 3754 243 3802 6.
265 3753 306 3802 14.
782 3746 1245 3818 20.inoiec,hassenswerth;
1260 3768 1318 3808 esee

169 3823 211 3872 16.
230 3819 402 3871 thoracem.
439 3817 533 3871 Ueber
558 3818 613 3871 den
636 3836 693 3874 aec.
749 3816 891 3886 subjektiv
909 3817 963 3871 wie
981 3816 1010 3871 in
1028 3819 1077 3874 boe
1092 3820 1161 3874 mibi
1179 3825 1317 3891 turpeest

132 3905 153 3940 s.
172 3887 245 3943 Einl.
266 3892 281 3952 5
299 3893 332 3941 27
353 3887 379 3940 d.
749 3888 774 3941 d.
788 3887 807 3940 i.
826 3904 867 3941 me
884 3887 975 3943 iudice
990 3893 1043 3955 est,
1059 3891 1128 3943 mibi
1145 3891 1265 3948 cidetw.
1279 3925 1315 3934 —

170 3963 212 4011 17.
232 3959 333 4026 eripi,
355 3955 533 4025 ungewbhnl
557 3956 602 4010 fiir
624 3959 693 4025 fieri,
747 3958 1315 4030 fortunam(‘Ungh“rclx')neugmatiseh

133 4029 213 4094 effici.
230 4057 263 4067 -
282 4028 385 4091 uude,
404 4026 499 4091 kshl,
518 4026 571 4080 wie
586 4033 611 4080 3.
625 4033 650 4081 4.
666 4035 691 4085 3.
747 4028 801 4082 mit
825 4029 920 4084 oderat
942 4055 977 4076 =
999 4046 1057 4084 eeu
1081 4033 1222 4100 probabat
1251 4052 1314 4090 ver-

181 4097 253 4151 oben
272 4103 297 4153 3.
317 4101 341 4150 8.
361 4126 395 4135 -
414 4096 554 4162 diuidit,
575 4103 692 4166 ergbnze
747 4099 868 4154 bunden.
910 4099 1077 4155 Uebersetae
1100 4102 1151 4156 das
1177 4104 1313 4175 folgende

188 4169 275 4221 'ebera
748 4175 781 4224 ut
798 4170 863 4226 mit:
884 4171 971 4226 ‘eret
989 4172 1054 4226 als'.

78 4112 692 4496 &stationeeroumilitari-
782 4247 825 4296 21.
849 4241 926 4296 Dat.
950 4246 980 4296 et
1003 4242 1164 4299 Cateuem.
1207 4244 1312 4300 Arrian

229 4310 250 4358 t.
259 4309 287 4370 t,
302 4305 405 4372 griech.
416 4300 547 4373 φυλακὰς
561 4302 645 4373 εἶχον,
659 4337 693 4347 -
746 4314 835 4366 nennt
855 4330 908 4367 nur
930 4312 985 4366 den
1008 4314 1132 4368 crsteren
1154 4314 1185 4368 in
1204 4314 1312 4371 diesem

199 4462 201 4467 .
271 4374 373 4427 ewird
391 4376 462 4429 auch
481 4374 527 4428 bei
545 4373 693 4430 denelae-
747 4380 1019 4452 Zusammenhange,
1038 4383 1111 4460 doch
1130 4384 1220 4440 kennt
1237 4386 1310 4441 auch
