2790 4792
147 204 168 266 2
602 204 633 270 Q.
655 204 766 260 CURTI
783 204 869 258 RUFI

147 367 186 432 ab
213 367 394 432 Alexandro
422 368 535 432 missus
562 366 709 432 barbaros
735 368 778 431 ad
803 367 996 447 defectimem
1027 367 1190 449 inpulisset
1224 369 1327 449 adam

147 476 216 520 eam
228 457 478 537 conprimendam
492 455 659 538 Antipater
672 457 836 520 enercitum
849 477 887 520 ea
900 456 1086 520 Macedonia
1099 458 1135 520 in
1151 455 1323 521 Thraciam

147 546 294 628 dunisset,
322 546 547 626 opportunitate
569 546 712 627 temporis
739 550 860 609 strenue
886 547 937 608 nsi
962 545 1199 609 Lacedaemonii
1227 551 1322 609 totam

146 633 388 715 Pelopmnesum
408 635 522 716 pmccis
550 633 676 698 urbibus
698 635 827 715 inceptis
850 635 884 698 in
906 639 1014 714 partes
1037 638 1200 698 trancrunt
1222 636 1323 714 confe-

146 728 248 803 ctoque
275 723 407 786 euereitu
433 723 546 804 oipinti
572 722 695 786 milium
721 723 862 804 peditum
889 743 958 785 cum
985 723 1135 803 equitibus
1164 723 1210 786 bis
1237 724 1325 788 mille

145 811 244 893 Apidi
266 831 422 875 summam
444 810 570 892 imperii
591 811 771 875 detulerunt.
811 811 978 892 Antipater
1000 832 1034 875 ea
1053 832 1086 875 re
1104 816 1247 892 conperta
1266 813 1323 876 bel-

145 901 210 964 lum
232 900 268 963 in
292 899 444 982 Thracia,
470 899 580 980 quibus
603 903 702 981 potest
722 899 961 982 condicionibus,
984 901 1128 981 conponit
1148 901 1324 982 raptimque

143 990 179 1052 in
198 987 364 1052 Graeciam
386 1007 539 1070 repressus
557 988 595 1052 ab
613 989 723 1052 aniiois
739 989 886 1069 sociisque
904 988 1076 1052 ciuitatibus
1094 989 1217 1052 ancilia
1236 992 1321 1071 capit.

147 1077 265 1157 Quibus
282 1076 526 1140 conomientibus
544 1077 587 1140 ad
603 1078 811 1159 quadrapinta
822 1082 1035 1159 pupnatorum
1052 1078 1144 1141 milia
1161 1080 1317 1144 recensuit.

145 1166 323 1230 Advenerat
353 1170 381 1230 et
413 1186 448 1229 eu
481 1165 686 1246 Peloponneso
716 1166 823 1230 calida
854 1185 983 1230 manus:
1015 1167 1068 1230 sed
1093 1168 1168 1247 qnia
1194 1167 1321 1230 dubiam

144 1256 282 1337 ipsorum
304 1255 402 1336 tidem·
417 1255 586 1338 resciverat,
608 1255 805 1318 dissimulata
823 1255 993 1340 suspicione
1007 1256 1129 1335 pretias
1151 1257 1219 1338 epit,
1241 1258 1324 1337 quod

145 1344 189 1407 ad
204 1343 424 1423 defendendam
441 1343 586 1407 adrasus
603 1342 859 1407 Lacedaemonios
872 1343 1050 1407 Alexandri
1066 1345 1248 1426 dipnitatem
1264 1347 1319 1408 ad-

143 1432 292 1512 fuissent:
314 1433 502 1513 scripturum
524 1451 555 1496 se
576 1432 612 1496 id
632 1432 697 1514 rui
715 1434 854 1513 aratiam
876 1433 912 1495 in
934 1437 1066 1514 tempore
1087 1433 1232 1497 relaturo.
1277 1433 1320 1496 In

139 1540 290 1602 praesens
316 1519 397 1584 nibil
419 1539 494 1601 opus
517 1539 578 1584 esse
600 1520 769 1584 maioribus
790 1521 902 1602 copiis:
929 1521 1032 1601 itaqou
1058 1522 1164 1585 domos
1185 1523 1323 1586 redirent

143 1609 275 1689 foederis
297 1609 470 1673 necessitate
486 1609 612 1691 eupleto.
653 1609 790 1674 Nuntios
808 1609 915 1674 ddude
932 1610 975 1673 ad
992 1609 1208 1674 Alenandrum
1226 1611 1325 1674 mittit

145 1699 182 1762 de
211 1702 295 1761 motu
329 1697 479 1762 Graeciae
509 1699 666 1762 certiorem
695 1697 841 1777 facturos.
895 1697 997 1779 Atque
1027 1698 1079 1762 illi
1109 1719 1207 1780 repom
1237 1701 1322 1780 apud

146 1786 268 1851 Bactra
290 1788 412 1850 demum
434 1787 583 1851 consecuti
604 1791 690 1868 sunt,
718 1806 788 1850 aim
809 1787 935 1850 interim
957 1786 1122 1867 Antipatri
1143 1788 1271 1851 uictoria
1293 1793 1323 1851 et

144 1896 214 1940 nece
236 1875 349 1957 Apias
372 1877 406 1939 in
428 1875 570 1939 Arcadia
594 1879 783 1939 transactum
810 1880 893 1938 esset.
938 1873 1021 1939 Sane
1048 1877 1113 1939 iam
1128 1877 1250 1956 pridem
1274 1881 1323 1940 tn-

146 1965 248 2031 multu
279 1964 591 2028 Lacedaemoniorum
618 1964 747 2046 capuita,
778 1968 930 2045 qnonitnm
961 1969 1004 2028 tot
1030 1969 1184 2028 terrarum
1210 1966 1321 2046 spatiis

145 2054 294 2118 discretus
302 2057 432 2135 poterat,
447 2053 637 2133 prouiderat:
656 2051 878 2134 Amphoterum
884 2048 910 2132 ³)
925 2072 995 2116 cnm
1008 2051 1131 2135 Oppriis
1145 2058 1173 2116 et
1185 2052 1320 2118 Pboeni·

145 2143 202 2206 ciis
224 2141 354 2206 nauibus
376 2142 411 2204 in
429 2139 671 2221 Peloponnesum
692 2141 847 2224 naubare,
869 2141 1013 2206 Memten
1035 2143 1098 2205 trra
1115 2142 1206 2206 milia
1225 2143 1321 2206 talen

146 2235 212 2295 tum
240 2231 282 2294 ad
309 2249 396 2293 mare
422 2229 538 2309 deferre
559 2229 703 2312 iusserat,
730 2234 767 2294 nt
786 2250 824 2294 ea
839 2231 1015 2311 propinquo
1038 2231 1203 2311 pimeniam
1226 2231 1321 2296 Anti-

140 2323 234 2401 patro
261 2317 520 2400 subministraret,
551 2322 670 2399 qnanta
700 2319 791 2382 illum
820 2319 956 2400 indi'pere
982 2320 1170 2400 mpnooisset.
1221 2319 1323 2384 Probe

146 2408 228 2470 enim
240 2411 449 2490 perspexerat,
468 2408 578 2488 quanti
595 2407 639 2470 ad
655 2408 761 2472 omnia
778 2408 924 2471 maurenti
940 2412 1040 2472 motus
1052 2408 1144 2472 istius
1156 2409 1321 2472 inclinatio

144 2495 254 2575 futura
286 2500 373 2579 esset,
407 2516 595 2576 quamquam
618 2497 764 2578 ¹deinceps
791 2500 908 2577 accepto
937 2497 1082 2560 vicariae
1113 2498 1222 2560 nuntio
1254 2498 1322 2562 suis

146 2585 286 2667 operibus
308 2586 343 2649 id
364 2585 529 2649 discrimen
552 2605 726 2666 conparans
748 2585 887 2648 mnrium
904 2605 973 2648 eam
993 2605 1131 2666 pupnam
1151 2586 1248 2664 fnisse
1269 2606 1318 2648 ca-

145 2674 272 2738 uillatus
294 2679 344 2738 est.
391 2671 529 2738 Ceterum
550 2675 713 2756 primipia
736 2674 801 2738 eins
823 2673 893 2737 belli
914 2673 1000 2737 band
1020 2675 1202 2756 inprospera
1223 2679 1320 2738 Lacc-

145 2764 316 2826 daemoniis
341 2762 436 2842 fuere.
485 2762 583 2827 Iuncta
611 2761 803 2844 Uorrbapum
829 2762 1031 2826 Macedoniae
1062 2764 1219 2827 castellnm
1250 2784 1321 2827 aim

145 2852 309 2932 Antipatri
327 2851 478 2915 militibus
496 2852 647 2932 conpressi
664 2853 790 2914 uictores
808 2851 987 2914 catiterant:
1011 2856 1039 2914 et
1060 2853 1106 2915 rei
1128 2851 1199 2916 bene
1218 2858 1322 2932 pestae

143 2939 233 3019 fama
256 2939 357 3020 etiam,
381 2940 436 3020 qui
457 2939 610 3020 suspensis
629 2939 780 3004 mentibus
800 2939 961 3019 fortunam
978 2944 1193 3023 spectaverant,
1215 2943 1251 3003 in
1272 2961 1320 3005 so·

145 3029 281 3091 cietanm
303 3047 407 3090 eornm
424 3029 574 3108 pertracti
596 3032 677 3092 sunl.
728 3027 799 3094 Una
820 3048 857 3092 an
874 3028 963 3093 Eleis
981 3028 1170 3110 Acbaeisque
1192 3029 1321 3094 urbibus

144 3115 266 3180 Pellene
299 3115 407 3196 foedus
438 3115 661 3196 aspernabatur
689 3122 718 3180 et
748 3118 783 3180 in
808 3117 949 3180 Arcadia
976 3116 1224 3201 Mepolopolis4),
1253 3120 1320 3200 fida

143 3204 365 3270 Macedonibus
378 3204 414 3268 ob
427 3203 570 3286 Philippi
582 3206 771 3283 memoriam,
789 3226 810 3268 a
827 3225 886 3286 quo
904 3205 1056 3287 beneficiis
1069 3207 1189 3285 adfecta
1204 3207 1319 3285 ficerat.

144 3294 207 3359 Sed
226 3294 299 3358 liaeo
321 3298 387 3358 arte
409 3294 607 3358 circumsessa
628 3293 714 3358 baud
729 3294 840 3376 procul
862 3294 1011 3358 deditione
1033 3295 1146 3378 aberat,
1169 3297 1233 3359 nisi
1252 3302 1318 3360 tan-

143 3386 211 3448 dem
238 3383 405 3464 Antipater
431 3383 622 3448 subumisset.
672 3383 708 3447 Is
735 3387 899 3464 postquam
926 3388 1028 3446 costra
1055 3385 1165 3448 castris
1191 3386 1320 3449 contult

143 3493 231 3552 seque
244 3492 370 3536 numero
389 3473 525 3536 militum
542 3472 663 3553 alioque
676 3476 832 3554 apparatu
845 3473 1031 3554 superiorem
1044 3474 1205 3555 conspicit,
1223 3494 1318 3555 quam

138 3561 281 3642 primum
304 3560 339 3623 dc
361 3581 483 3625 summa
505 3581 610 3625 rernm
627 3561 746 3643 proelio
770 3562 943 3625 contendere
965 3562 1084 3625 statuit:
1109 3582 1202 3642 neque
1224 3563 1319 3626 Lace-

143 3649 298 3713 daemonii
325 3649 521 3713 detrectavere
548 3655 707 3714 certamen.
756 3649 810 3714 Ita
838 3651 1000 3714 commissa
1027 3654 1072 3715 est
1090 3671 1212 3733 pupna,
1240 3671 1318 3732 qnae

143 3758 208 3801 rem
226 3735 419 3819 Spartanam
437 3739 584 3802 maimem
602 3740 638 3802 in
655 3739 780 3802 modum
797 3739 930 3820 adflixit.
969 3737 1047 3804 Mum
1065 3740 1147 3804 cuim
1164 3742 1318 3822 anqustiis

144 3828 288 3910 locorum,
315 3827 352 3889 in
373 3827 483 3907 quibus
503 3828 717 3910 pmpnabatur,
745 3828 864 3910 confisi,
891 3829 944 3892 ubi
965 3828 1045 3893 bosti
1066 3829 1189 3893 nullum
1211 3830 1316 3893 inulti·

143 3917 260 3981 tudinis
286 3936 378 3980 usum
402 3916 545 3997 fumeum
572 3917 742 3999 credebant,
770 3917 906 3980 animose
932 3918 1082 3999 conpressi
1104 3923 1201 3982 essent
1222 3938 1317 4000 oreque

142 4005 325 4070 Macedones
346 4006 466 4089 inpipre
488 4005 668 4083 resisterent,
692 4005 824 4070 multum
846 4007 1010 4086 sanpuinis
1029 4006 1137 4086 fusum
1160 4013 1210 4072 est.
1257 4007 1319 4073 Sed

215 4162 225 4193 8
720 4179 722 4186 ·
779 4184 785 4197 ι

215 4164 236 4299 ⁴3
248 4159 727 4313 Εἱθέἳὶιῗῖἓᾞὲἔῗαζὲἐῧὴῖἣὲὴ
740 4167 873 4288 Misisti
881 4167 1014 4288 SIchacht
1027 4235 1122 4289 wurde
1135 4233 1175 4287 im
1191 4235 1315 4290 Sommer

141 4305 196 4352 330
210 4302 255 4354 bor
268 4303 457 4371 Megalopohs
472 4302 502 4355 in
516 4300 656 4356 Arkcdoen
670 4301 849 4374 geschlagen.
886 4304 939 4359 Die
953 4305 1124 4376 Zeitangabe
1139 4307 1188 4361 des
1205 4304 1316 4359 Curtius

130 4371 217 4422 antes
236 4377 260 4425 1.
281 4379 316 4426 21
339 4373 444 4428 barnbt
462 4370 517 4428 auf
529 4371 662 4430 Irrlhum.
