<?xml version="1.0" encoding="UTF-8"?>
<!DOCTYPE html PUBLIC "-//W3C//DTD XHTML 1.0 Transitional//EN"
    "http://www.w3.org/TR/xhtml1/DTD/xhtml1-transitional.dtd">
<html xmlns="http://www.w3.org/1999/xhtml" xml:lang="en" lang="en">
 <head>
  <title>
</title>
<meta http-equiv="Content-Type" content="text/html;charset=utf-8" />
  <meta name='ocr-system' content='tesseract 3.04.00' />
  <meta name='ocr-capabilities' content='ocr_page ocr_carea ocr_par ocr_line ocrx_word'/>
</head>
<body>
  <div class='ocr_page' id='page_1' title='image "./qcurtirufihisto02rufugoog_0298.png"; bbox 0 0 2790 4792; ppageno 0'>
   <div class='ocr_carea' id='block_1_1' title="bbox 382 221 1276 292">
    <p class='ocr_par' dir='ltr' id='par_1_1' title="bbox 382 221 1276 292">
     <span class='ocr_line' id='line_1_1' title="bbox 382 221 1276 292; baseline 0.001 -16"><span class='ocrx_word' id='word_1_1' title='bbox 382 222 636 278; x_wconf 81' lang='lat' dir='ltr'><strong>HISTORIARUM</strong></span> <span class='ocrx_word' id='word_1_2' title='bbox 654 221 869 276; x_wconf 83' lang='lat' dir='ltr'>ALEXANDRI</span> <span class='ocrx_word' id='word_1_3' title='bbox 888 224 934 292; x_wconf 87' lang='lat' dir='ltr'><strong>Vl,</strong></span> <span class='ocrx_word' id='word_1_4' title='bbox 955 229 996 277; x_wconf 90' lang='lat'><strong>11.</strong></span> <span class='ocrx_word' id='word_1_5' title='bbox 1232 223 1276 288; x_wconf 88' lang='grc'><strong>49</strong></span> 
     </span>
    </p>
   </div>
   <div class='ocr_carea' id='block_1_2' title="bbox 103 385 1333 827">
    <p class='ocr_par' dir='ltr' id='par_1_2' title="bbox 103 385 1333 827">
     <span class='ocr_line' id='line_1_2' title="bbox 103 385 1331 469; baseline 0 -17"><span class='ocrx_word' id='word_1_6' title='bbox 103 389 198 452; x_wconf 85' lang='lat' dir='ltr'><strong>desse</strong></span> <span class='ocrx_word' id='word_1_7' title='bbox 222 387 318 469; x_wconf 90' lang='lat' dir='ltr'><strong>mihi,</strong></span> <span class='ocrx_word' id='word_1_8' title='bbox 347 386 432 469; x_wconf 92' lang='lat' dir='ltr'><strong>quod</strong></span> <span class='ocrx_word' id='word_1_9' title='bbox 459 386 639 469; x_wconf 87' lang='lat' dir='ltr'><strong>praesentis</strong></span> <span class='ocrx_word' id='word_1_10' title='bbox 668 385 798 450; x_wconf 87' lang='lat' dir='ltr'><strong>sceleris</strong></span> <span class='ocrx_word' id='word_1_11' title='bbox 827 407 940 469; x_wconf 82' lang='lat' dir='ltr'><strong>expers</strong></span> <span class='ocrx_word' id='word_1_12' title='bbox 964 408 1044 450; x_wconf 89' lang='lat' dir='ltr'><strong>sum.</strong></span> <span class='ocrx_word' id='word_1_13' title='bbox 1089 385 1143 450; x_wconf 92' lang='lat' dir='ltr'><strong>Illi</strong></span> <span class='ocrx_word' id='word_1_14' title='bbox 1165 410 1277 452; x_wconf 87' lang='lat' dir='ltr'><strong>rursus</strong></span> <span class='ocrx_word' id='word_1_15' title='bbox 1297 409 1331 459; x_wconf 81' lang='lat'><strong>31</strong></span> 
     </span>
     <span class='ocr_line' id='line_1_3' title="bbox 103 474 1278 560; baseline 0.001 -19"><span class='ocrx_word' id='word_1_16' title='bbox 103 478 277 542; x_wconf 85' lang='lat' dir='ltr'><strong>tormentis</strong></span> <span class='ocrx_word' id='word_1_17' title='bbox 302 475 455 559; x_wconf 87' lang='lat' dir='ltr'><strong>admotis,</strong></span> <span class='ocrx_word' id='word_1_18' title='bbox 483 497 556 539; x_wconf 91' lang='lat' dir='ltr'><strong>eum</strong></span> <span class='ocrx_word' id='word_1_19' title='bbox 584 474 647 558; x_wconf 88' lang='lat' dir='ltr'><strong>ipsi</strong></span> <span class='ocrx_word' id='word_1_20' title='bbox 675 496 802 559; x_wconf 93' lang='lat' dir='ltr'><strong>quoque</strong></span> <span class='ocrx_word' id='word_1_21' title='bbox 825 474 929 539; x_wconf 86' lang='lat' dir='ltr'><strong>hastis</strong></span> <span class='ocrx_word' id='word_1_22' title='bbox 953 498 988 540; x_wconf 89' lang='lat' dir='ltr'><strong>os</strong></span> <span class='ocrx_word' id='word_1_23' title='bbox 1014 476 1186 560; x_wconf 88' lang='lat' dir='ltr'><strong>oculosque</strong></span> <span class='ocrx_word' id='word_1_24' title='bbox 1209 478 1278 542; x_wconf 90' lang='lat' dir='ltr'><strong>eius</strong></span> 
     </span>
     <span class='ocr_line' id='line_1_4' title="bbox 105 564 1279 648; baseline 0.001 -18"><span class='ocrx_word' id='word_1_25' title='bbox 105 567 345 648; x_wconf 87' lang='lat' dir='ltr'><strong>everberarent,</strong></span> <span class='ocrx_word' id='word_1_26' title='bbox 377 585 576 647; x_wconf 83' lang='lat' dir='ltr'><strong>expressere,</strong></span> <span class='ocrx_word' id='word_1_27' title='bbox 602 567 640 627; x_wconf 93' lang='lat' dir='ltr'><strong>ut</strong></span> <span class='ocrx_word' id='word_1_28' title='bbox 665 564 728 628; x_wconf 92' lang='lat' dir='ltr'><strong>hoc</strong></span> <span class='ocrx_word' id='word_1_29' title='bbox 756 585 883 647; x_wconf 88' lang='lat' dir='ltr'><strong>quoque</strong></span> <span class='ocrx_word' id='word_1_30' title='bbox 911 565 1032 628; x_wconf 82' lang='lat' dir='ltr'><strong>crimen</strong></span> <span class='ocrx_word' id='word_1_31' title='bbox 1061 567 1279 631; x_wconf 87' lang='lat' dir='ltr'><strong>confiteretur.</strong></span> 
     </span>
     <span class='ocr_line' id='line_1_5' title="bbox 103 652 1333 739; baseline 0.002 -20"><span class='ocrx_word' id='word_1_32' title='bbox 103 654 323 738; x_wconf 75' lang='lat' dir='ltr'><strong>Exigentibus</strong></span> <span class='ocrx_word' id='word_1_33' title='bbox 357 652 483 736; x_wconf 90' lang='lat' dir='ltr'><strong>deinde,</strong></span> <span class='ocrx_word' id='word_1_34' title='bbox 515 656 553 716; x_wconf 88' lang='lat' dir='ltr'><strong>ut</strong></span> <span class='ocrx_word' id='word_1_35' title='bbox 585 652 730 717; x_wconf 88' lang='lat' dir='ltr'><strong>ordinem</strong></span> <span class='ocrx_word' id='word_1_36' title='bbox 762 652 900 734; x_wconf 83' lang='lat' dir='ltr'><strong>cogitati</strong></span> <span class='ocrx_word' id='word_1_37' title='bbox 932 653 1063 717; x_wconf 88' lang='lat' dir='ltr'><strong>sceleris</strong></span> <span class='ocrx_word' id='word_1_38' title='bbox 1096 660 1280 739; x_wconf 89' lang='lat' dir='ltr'><strong>exponeret,</strong></span> <span class='ocrx_word' id='word_1_39' title='bbox 1298 676 1333 723; x_wconf 75' lang='lat'><strong>32</strong></span> 
     </span>
     <span class='ocr_line' id='line_1_6' title="bbox 111 740 1281 827; baseline 0 -20"><span class='ocrx_word' id='word_1_40' title='bbox 111 766 185 808; x_wconf 90' lang='lat' dir='ltr'><strong>curn</strong></span> <span class='ocrx_word' id='word_1_41' title='bbox 209 743 263 806; x_wconf 90' lang='lat' dir='ltr'><strong>diu</strong></span> <span class='ocrx_word' id='word_1_42' title='bbox 286 742 407 806; x_wconf 89' lang='lat' dir='ltr'><strong>Bactra</strong></span> <span class='ocrx_word' id='word_1_43' title='bbox 430 745 595 806; x_wconf 84' lang='lat' dir='ltr'><strong>retentura</strong></span> <span class='ocrx_word' id='word_1_44' title='bbox 617 761 727 826; x_wconf 87' lang='lat' dir='ltr'><strong>regern</strong></span> <span class='ocrx_word' id='word_1_45' title='bbox 749 740 946 823; x_wconf 83' lang='lat' dir='ltr'><strong>viderentur,</strong></span> <span class='ocrx_word' id='word_1_46' title='bbox 974 742 1122 814; x_wconf 75' lang='lat' dir='ltr'><strong>timuisse</strong></span> <span class='ocrx_word' id='word_1_47' title='bbox 1148 765 1281 827; x_wconf 86' lang='lat' dir='ltr'><strong>respon·</strong></span> 
     </span>
    </p>
   </div>
   <div class='ocr_carea' id='block_1_3' title="bbox 63 830 1339 2691">
    <p class='ocr_par' dir='ltr' id='par_1_3' title="bbox 63 830 1339 2691">
     <span class='ocr_line' id='line_1_7' title="bbox 106 830 1281 916; baseline 0.001 -20"><span class='ocrx_word' id='word_1_48' title='bbox 106 833 170 916; x_wconf 90' lang='lat' dir='ltr'><strong>dit,</strong></span> <span class='ocrx_word' id='word_1_49' title='bbox 197 853 237 895; x_wconf 91' lang='lat' dir='ltr'><strong>ne</strong></span> <span class='ocrx_word' id='word_1_50' title='bbox 264 834 358 914; x_wconf 87' lang='lat' dir='ltr'><strong>pater</strong></span> <span class='ocrx_word' id='word_1_51' title='bbox 380 848 453 895; x_wconf 81' lang='lat' dir='ltr'><strong>Lxx</strong></span> <span class='ocrx_word' id='word_1_52' title='bbox 480 833 577 894; x_wconf 88' lang='lat' dir='ltr'><strong>natus</strong></span> <span class='ocrx_word' id='word_1_53' title='bbox 606 851 720 910; x_wconf 91' lang='lat' dir='ltr'><strong>annos,</strong></span> <span class='ocrx_word' id='word_1_54' title='bbox 749 830 834 894; x_wconf 90' lang='lat' dir='ltr'><strong>tanti</strong></span> <span class='ocrx_word' id='word_1_55' title='bbox 861 831 1020 895; x_wconf 87' lang='lat' dir='ltr'><strong>exercitus</strong></span> <span class='ocrx_word' id='word_1_56' title='bbox 1045 831 1110 895; x_wconf 86' lang='lat' dir='ltr'><strong>dux</strong></span> <span class='ocrx_word' id='word_1_57' title='bbox 1133 833 1281 916; x_wconf 88' lang='lat' dir='ltr'><strong>[tantus],</strong></span> 
     </span>
     <span class='ocr_line' id='line_1_8' title="bbox 104 919 1280 1004; baseline 0 -19"><span class='ocrx_word' id='word_1_58' title='bbox 104 924 219 986; x_wconf 88' lang='lat' dir='ltr'><strong>tantae</strong></span> <span class='ocrx_word' id='word_1_59' title='bbox 242 919 397 1002; x_wconf 88' lang='lat' dir='ltr'><strong>pecuniae</strong></span> <span class='ocrx_word' id='word_1_60' title='bbox 421 921 544 1001; x_wconf 80' lang='lat' dir='ltr'><strong>eustos&#39;,</strong></span> <span class='ocrx_word' id='word_1_61' title='bbox 567 919 700 983; x_wconf 89' lang='lat' dir='ltr'><strong>interim</strong></span> <span class='ocrx_word' id='word_1_62' title='bbox 723 919 968 1004; x_wconf 74' lang='lat' dir='ltr'><strong>extingueretur</strong></span> <span class='ocrx_word' id='word_1_63' title='bbox 989 919 1116 1003; x_wconf 87' lang='lat' dir='ltr'><strong>ipsique</strong></span> <span class='ocrx_word' id='word_1_64' title='bbox 1139 921 1280 1002; x_wconf 87' lang='lat' dir='ltr'><strong>spoliato</strong></span> 
     </span>
     <span class='ocr_line' id='line_1_9' title="bbox 106 1006 1281 1094; baseline 0 -20"><span class='ocrx_word' id='word_1_65' title='bbox 106 1010 209 1074; x_wconf 89' lang='lat' dir='ltr'><strong>tantis</strong></span> <span class='ocrx_word' id='word_1_66' title='bbox 233 1009 354 1074; x_wconf 86' lang='lat' dir='ltr'><strong>viribus</strong></span> <span class='ocrx_word' id='word_1_67' title='bbox 374 1007 539 1072; x_wconf 88' lang='lat' dir='ltr'><strong>occidendi</strong></span> <span class='ocrx_word' id='word_1_68' title='bbox 558 1007 644 1090; x_wconf 87' lang='lat' dir='ltr'><strong>regis</strong></span> <span class='ocrx_word' id='word_1_69' title='bbox 663 1029 761 1072; x_wconf 90' lang='lat' dir='ltr'><strong>causa</strong></span> <span class='ocrx_word' id='word_1_70' title='bbox 778 1029 844 1072; x_wconf 91' lang='lat' dir='ltr'><strong>non</strong></span> <span class='ocrx_word' id='word_1_71' title='bbox 864 1012 957 1072; x_wconf 88' lang='lat' dir='ltr'><strong>esset.</strong></span> <span class='ocrx_word' id='word_1_72' title='bbox 998 1006 1185 1073; x_wconf 84' lang='lat' dir='ltr'><strong>Festinasse</strong></span> <span class='ocrx_word' id='word_1_73' title='bbox 1204 1029 1281 1094; x_wconf 86' lang='lat' dir='ltr'><strong>ergo</strong></span> 
     </span>
     <span class='ocr_line' id='line_1_10' title="bbox 107 1095 1282 1181; baseline -0.001 -18"><span class='ocrx_word' id='word_1_74' title='bbox 107 1122 152 1181; x_wconf 90' lang='lat' dir='ltr'><strong>se,</strong></span> <span class='ocrx_word' id='word_1_75' title='bbox 170 1099 247 1161; x_wconf 90' lang='lat' dir='ltr'><strong>dum</strong></span> <span class='ocrx_word' id='word_1_76' title='bbox 264 1097 443 1181; x_wconf 88' lang='lat' dir='ltr'><strong>praemium</strong></span> <span class='ocrx_word' id='word_1_77' title='bbox 458 1096 492 1159; x_wconf 90' lang='lat' dir='ltr'><strong>in</strong></span> <span class='ocrx_word' id='word_1_78' title='bbox 511 1096 659 1160; x_wconf 90' lang='lat' dir='ltr'><strong>manibus</strong></span> <span class='ocrx_word' id='word_1_79' title='bbox 678 1095 822 1180; x_wconf 87' lang='lat' dir='ltr'><strong>haberet,</strong></span> <span class='ocrx_word' id='word_1_80' title='bbox 840 1100 1081 1181; x_wconf 88' lang='lat' dir='ltr'><strong>repraesentare</strong></span> <span class='ocrx_word' id='word_1_81' title='bbox 1096 1098 1282 1163; x_wconf 89' lang='lat' dir='ltr'><strong>consilium:</strong></span> 
     </span>
     <span class='ocr_line' id='line_1_11' title="bbox 107 1179 1332 1272; baseline 0.002 -21"><span class='ocrx_word' id='word_1_82' title='bbox 107 1187 199 1252; x_wconf 90' lang='lat' dir='ltr'><strong>cuius</strong></span> <span class='ocrx_word' id='word_1_83' title='bbox 213 1189 339 1269; x_wconf 89' lang='lat' dir='ltr'><strong>patrem</strong></span> <span class='ocrx_word' id='word_1_84' title='bbox 353 1182 503 1266; x_wconf 69' lang='lat' dir='ltr'><strong>expertem</strong></span> <span class='ocrx_word' id='word_1_85' title='bbox 517 1185 616 1249; x_wconf 88' lang='lat' dir='ltr'><strong>fuisse</strong></span> <span class='ocrx_word' id='word_1_86' title='bbox 629 1184 694 1248; x_wconf 91' lang='lat' dir='ltr'><strong>nisi</strong></span> <span class='ocrx_word' id='word_1_87' title='bbox 709 1179 883 1269; x_wconf 85' lang='lat' dir='ltr'><strong>crederent,</strong></span> <span class='ocrx_word' id='word_1_88' title='bbox 896 1189 1068 1268; x_wconf 90' lang='lat' dir='ltr'><strong>tormenta,</strong></span> <span class='ocrx_word' id='word_1_89' title='bbox 1083 1209 1280 1272; x_wconf 87' lang='lat' dir='ltr'><strong>quamquam</strong></span> <span class='ocrx_word' id='word_1_90' title='bbox 1298 1207 1332 1255; x_wconf 81' lang='lat'><strong>33</strong></span> 
     </span>
     <span class='ocr_line' id='line_1_12' title="bbox 107 1275 1336 1357; baseline 0.002 -16"><span class='ocrx_word' id='word_1_91' title='bbox 107 1279 173 1341; x_wconf 88' lang='lat' dir='ltr'><strong>iam</strong></span> <span class='ocrx_word' id='word_1_92' title='bbox 198 1275 337 1340; x_wconf 91' lang='lat' dir='ltr'><strong>tolerare</strong></span> <span class='ocrx_word' id='word_1_93' title='bbox 360 1296 426 1339; x_wconf 89' lang='lat' dir='ltr'><strong>non</strong></span> <span class='ocrx_word' id='word_1_94' title='bbox 449 1277 573 1357; x_wconf 88' lang='lat' dir='ltr'><strong>posset,</strong></span> <span class='ocrx_word' id='word_1_95' title='bbox 600 1277 711 1339; x_wconf 86' lang='lat' dir='ltr'><strong>tamen</strong></span> <span class='ocrx_word' id='word_1_96' title='bbox 737 1295 803 1338; x_wconf 91' lang='lat' dir='ltr'><strong>non</strong></span> <span class='ocrx_word' id='word_1_97' title='bbox 830 1296 987 1340; x_wconf 90' lang='lat' dir='ltr'><strong>recusare.</strong></span> <span class='ocrx_word' id='word_1_98' title='bbox 1037 1275 1090 1340; x_wconf 91' lang='lat' dir='ltr'><strong>Illi</strong></span> <span class='ocrx_word' id='word_1_99' title='bbox 1118 1276 1282 1341; x_wconf 88' lang='lat' dir='ltr'><strong>conlocuti</strong></span> <span class='ocrx_word' id='word_1_100' title='bbox 1301 1295 1336 1344; x_wconf 83' lang='lat'><strong>34</strong></span> 
     </span>
     <span class='ocr_line' id='line_1_13' title="bbox 63 1363 1284 1448; baseline -0.001 -18"><span class='ocrx_word' id='word_1_101' title='bbox 63 1367 191 1430; x_wconf 78' lang='lat' dir='ltr'><strong>t4satis</strong></span> <span class='ocrx_word' id='word_1_102' title='bbox 214 1364 397 1447; x_wconf 89' lang='lat' dir='ltr'><strong>quaesitum</strong></span> <span class='ocrx_word' id='word_1_103' title='bbox 419 1363 523 1427; x_wconf 88' lang='lat' dir='ltr'><strong>videri</strong></span> <span class='ocrx_word' id='word_1_104' title='bbox 546 1363 586 1426; x_wconf 89' lang='lat' dir='ltr'><strong>ad</strong></span> <span class='ocrx_word' id='word_1_105' title='bbox 609 1382 720 1445; x_wconf 87' lang='lat' dir='ltr'><strong>regem</strong></span> <span class='ocrx_word' id='word_1_106' title='bbox 743 1366 957 1428; x_wconf 88' lang='lat' dir='ltr'><strong>revertuntur.</strong></span> <span class='ocrx_word' id='word_1_107' title='bbox 1003 1363 1064 1440; x_wconf 83' lang='lat' dir='ltr'><strong>Qui</strong></span> <span class='ocrx_word' id='word_1_108' title='bbox 1083 1369 1213 1448; x_wconf 87' lang='lat' dir='ltr'><strong>postero</strong></span> <span class='ocrx_word' id='word_1_109' title='bbox 1232 1365 1284 1429; x_wconf 88' lang='lat' dir='ltr'><strong>die</strong></span> 
     </span>
     <span class='ocr_line' id='line_1_14' title="bbox 109 1451 1284 1538; baseline -0.001 -19"><span class='ocrx_word' id='word_1_110' title='bbox 109 1460 157 1537; x_wconf 89' lang='lat' dir='ltr'><strong>et,</strong></span> <span class='ocrx_word' id='word_1_111' title='bbox 185 1474 267 1538; x_wconf 90' lang='lat' dir='ltr'><strong>quae</strong></span> <span class='ocrx_word' id='word_1_112' title='bbox 295 1451 461 1516; x_wconf 88' lang='lat' dir='ltr'><strong>confessus</strong></span> <span class='ocrx_word' id='word_1_113' title='bbox 491 1455 562 1516; x_wconf 88' lang='lat' dir='ltr'><strong>erat</strong></span> <span class='ocrx_word' id='word_1_114' title='bbox 584 1451 746 1536; x_wconf 87' lang='lat' dir='ltr'><strong>Philotas,</strong></span> <span class='ocrx_word' id='word_1_115' title='bbox 773 1452 904 1517; x_wconf 90' lang='lat' dir='ltr'><strong>recitari</strong></span> <span class='ocrx_word' id='word_1_116' title='bbox 933 1456 966 1516; x_wconf 90' lang='lat' dir='ltr'><strong>et</strong></span> <span class='ocrx_word' id='word_1_117' title='bbox 988 1452 1108 1537; x_wconf 89' lang='lat' dir='ltr'><strong>ipsum,</strong></span> <span class='ocrx_word' id='word_1_118' title='bbox 1137 1455 1214 1537; x_wconf 89' lang='lat' dir='ltr'><strong>quia</strong></span> <span class='ocrx_word' id='word_1_119' title='bbox 1236 1455 1284 1517; x_wconf 91' lang='lat' dir='ltr'><strong>in·</strong></span> 
     </span>
     <span class='ocr_line' id='line_1_15' title="bbox 109 1538 1336 1628; baseline 0.004 -23"><span class='ocrx_word' id='word_1_120' title='bbox 109 1542 202 1628; x_wconf 86' lang='lat' dir='ltr'><strong>gredi</strong></span> <span class='ocrx_word' id='word_1_121' title='bbox 229 1563 294 1605; x_wconf 90' lang='lat' dir='ltr'><strong>non</strong></span> <span class='ocrx_word' id='word_1_122' title='bbox 317 1544 459 1624; x_wconf 90' lang='lat' dir='ltr'><strong>poterat,</strong></span> <span class='ocrx_word' id='word_1_123' title='bbox 482 1541 579 1605; x_wconf 89' lang='lat' dir='ltr'><strong>iussit</strong></span> <span class='ocrx_word' id='word_1_124' title='bbox 602 1539 729 1605; x_wconf 83' lang='lat' dir='ltr'><strong>adferri.</strong></span> <span class='ocrx_word' id='word_1_125' title='bbox 776 1538 893 1605; x_wconf 92' lang='lat' dir='ltr'><strong>Omnia</strong></span> <span class='ocrx_word' id='word_1_126' title='bbox 917 1542 1134 1625; x_wconf 83' lang='lat' dir='ltr'><strong>adgnoscente</strong></span> <span class='ocrx_word' id='word_1_127' title='bbox 1158 1564 1196 1608; x_wconf 95' lang='lat' dir='ltr'><strong>eo</strong></span> <span class='ocrx_word' id='word_1_128' title='bbox 1220 1541 1283 1606; x_wconf 93' lang='lat' dir='ltr'><strong>De·</strong></span> <span class='ocrx_word' id='word_1_129' title='bbox 1301 1561 1336 1610; x_wconf 83' lang='lat'><strong>35</strong></span> 
     </span>
     <span class='ocr_line' id='line_1_16' title="bbox 108 1628 1285 1715; baseline 0.001 -21"><span class='ocrx_word' id='word_1_130' title='bbox 108 1631 254 1708; x_wconf 89' lang='lat' dir='ltr'><strong>metrius‚</strong></span> <span class='ocrx_word' id='word_1_131' title='bbox 279 1630 333 1714; x_wconf 92' lang='lat' dir='ltr'><strong>qui</strong></span> <span class='ocrx_word' id='word_1_132' title='bbox 356 1629 495 1713; x_wconf 83' lang='lat' dir='ltr'><strong>proximi</strong></span> <span class='ocrx_word' id='word_1_133' title='bbox 519 1628 650 1693; x_wconf 88' lang='lat' dir='ltr'><strong>sceleris</strong></span> <span class='ocrx_word' id='word_1_134' title='bbox 669 1629 832 1714; x_wconf 84' lang='lat' dir='ltr'><strong>particeps</strong></span> <span class='ocrx_word' id='word_1_135' title='bbox 852 1651 923 1695; x_wconf 88' lang='lat' dir='ltr'><strong>esse</strong></span> <span class='ocrx_word' id='word_1_136' title='bbox 937 1631 1149 1715; x_wconf 84' lang='lat' dir='ltr'><strong>arguebatur,</strong></span> <span class='ocrx_word' id='word_1_137' title='bbox 1168 1631 1285 1715; x_wconf 93' lang='lat' dir='ltr'><strong>produ-</strong></span> 
     </span>
     <span class='ocr_line' id='line_1_17' title="bbox 108 1718 1285 1802; baseline -0.001 -17"><span class='ocrx_word' id='word_1_138' title='bbox 108 1722 204 1785; x_wconf 88' lang='lat' dir='ltr'><strong>citur.</strong></span> <span class='ocrx_word' id='word_1_139' title='bbox 249 1718 354 1783; x_wconf 89' lang='lat' dir='ltr'><strong>Multa</strong></span> <span class='ocrx_word' id='word_1_140' title='bbox 377 1718 604 1782; x_wconf 87' lang='lat' dir='ltr'><strong>adfirmatione</strong></span> <span class='ocrx_word' id='word_1_141' title='bbox 628 1718 791 1802; x_wconf 85' lang='lat' dir='ltr'><strong>animique</strong></span> <span class='ocrx_word' id='word_1_142' title='bbox 814 1718 938 1801; x_wconf 88' lang='lat' dir='ltr'><strong>pariter</strong></span> <span class='ocrx_word' id='word_1_143' title='bbox 960 1721 1020 1799; x_wconf 89' lang='lat' dir='ltr'><strong>[et]</strong></span> <span class='ocrx_word' id='word_1_144' title='bbox 1045 1721 1231 1784; x_wconf 88' lang='lat' dir='ltr'><strong>constantia</strong></span> <span class='ocrx_word' id='word_1_145' title='bbox 1252 1723 1285 1784; x_wconf 88' lang='lat' dir='ltr'><strong>et</strong></span> 
     </span>
     <span class='ocr_line' id='line_1_18' title="bbox 108 1806 1283 1892; baseline 0 -20"><span class='ocrx_word' id='word_1_146' title='bbox 108 1810 221 1873; x_wconf 84' lang='lat' dir='ltr'><strong>vultus</strong></span> <span class='ocrx_word' id='word_1_147' title='bbox 245 1808 400 1888; x_wconf 89' lang='lat' dir='ltr'><strong>abnuens,</strong></span> <span class='ocrx_word' id='word_1_148' title='bbox 424 1807 596 1890; x_wconf 89' lang='lat' dir='ltr'><strong>quicquam</strong></span> <span class='ocrx_word' id='word_1_149' title='bbox 620 1806 683 1870; x_wconf 89' lang='lat' dir='ltr'><strong>sibi</strong></span> <span class='ocrx_word' id='word_1_150' title='bbox 707 1807 742 1869; x_wconf 89' lang='lat' dir='ltr'><strong>in</strong></span> <span class='ocrx_word' id='word_1_151' title='bbox 765 1828 877 1892; x_wconf 83' lang='lat' dir='ltr'><strong>regem</strong></span> <span class='ocrx_word' id='word_1_152' title='bbox 901 1808 1082 1890; x_wconf 82' lang='lat' dir='ltr'><strong>cogitatum</strong></span> <span class='ocrx_word' id='word_1_153' title='bbox 1105 1829 1190 1892; x_wconf 87' lang='lat' dir='ltr'><strong>esse,</strong></span> <span class='ocrx_word' id='word_1_154' title='bbox 1216 1812 1283 1872; x_wconf 87' lang='lat' dir='ltr'><strong>tor·</strong></span> 
     </span>
     <span class='ocr_line' id='line_1_19' title="bbox 109 1894 1339 1979; baseline 0.002 -17"><span class='ocrx_word' id='word_1_155' title='bbox 109 1902 222 1962; x_wconf 90' lang='lat' dir='ltr'><strong>menta</strong></span> <span class='ocrx_word' id='word_1_156' title='bbox 245 1896 343 1961; x_wconf 89' lang='lat' dir='ltr'><strong>etiam</strong></span> <span class='ocrx_word' id='word_1_157' title='bbox 368 1895 562 1978; x_wconf 88' lang='lat' dir='ltr'><strong>deposcebat</strong></span> <span class='ocrx_word' id='word_1_158' title='bbox 579 1896 613 1959; x_wconf 91' lang='lat' dir='ltr'><strong>in</strong></span> <span class='ocrx_word' id='word_1_159' title='bbox 634 1895 857 1978; x_wconf 88' lang='lat' dir='ltr'><strong>semetipsum:</strong></span> <span class='ocrx_word' id='word_1_160' title='bbox 881 1917 953 1959; x_wconf 91' lang='lat' dir='ltr'><strong>cum</strong></span> <span class='ocrx_word' id='word_1_161' title='bbox 971 1894 1129 1979; x_wconf 87' lang='lat' dir='ltr'><strong>Philotas,</strong></span> <span class='ocrx_word' id='word_1_162' title='bbox 1152 1895 1285 1961; x_wconf 90' lang='lat' dir='ltr'><strong>circum·</strong></span> <span class='ocrx_word' id='word_1_163' title='bbox 1304 1916 1339 1965; x_wconf 77' lang='grc'><strong>36</strong></span> 
     </span>
     <span class='ocr_line' id='line_1_20' title="bbox 109 1981 1287 2070; baseline -0.001 -20"><span class='ocrx_word' id='word_1_164' title='bbox 109 1987 190 2050; x_wconf 89' lang='lat' dir='ltr'><strong>latis</strong></span> <span class='ocrx_word' id='word_1_165' title='bbox 213 1985 316 2050; x_wconf 90' lang='lat' dir='ltr'><strong>oculis</strong></span> <span class='ocrx_word' id='word_1_166' title='bbox 335 1989 374 2048; x_wconf 90' lang='lat' dir='ltr'><strong>ut</strong></span> <span class='ocrx_word' id='word_1_167' title='bbox 391 1984 532 2049; x_wconf 87' lang='lat' dir='ltr'><strong>incidere</strong></span> <span class='ocrx_word' id='word_1_168' title='bbox 550 1983 586 2047; x_wconf 92' lang='lat' dir='ltr'><strong>in</strong></span> <span class='ocrx_word' id='word_1_169' title='bbox 604 1981 700 2048; x_wconf 77' lang='lat' dir='ltr'><strong>Calin</strong></span> <span class='ocrx_word' id='word_1_170' title='bbox 719 1985 879 2068; x_wconf 90' lang='lat' dir='ltr'><strong>quendam</strong></span> <span class='ocrx_word' id='word_1_171' title='bbox 896 1983 985 2049; x_wconf 92' lang='lat' dir='ltr'><strong>haud</strong></span> <span class='ocrx_word' id='word_1_172' title='bbox 1000 1985 1116 2068; x_wconf 47' lang='lat' dir='ltr'><strong>&gt;procul</strong></span> <span class='ocrx_word' id='word_1_173' title='bbox 1137 1988 1287 2070; x_wconf 89' lang='lat' dir='ltr'><strong>stantem,</strong></span> 
     </span>
     <span class='ocr_line' id='line_1_21' title="bbox 109 2072 1287 2159; baseline 0 -21"><span class='ocrx_word' id='word_1_174' title='bbox 109 2076 243 2159; x_wconf 90' lang='lat' dir='ltr'><strong>propius</strong></span> <span class='ocrx_word' id='word_1_175' title='bbox 263 2096 336 2137; x_wconf 87' lang='lat' dir='ltr'><strong>eum</strong></span> <span class='ocrx_word' id='word_1_176' title='bbox 355 2074 452 2137; x_wconf 84' lang='lat' dir='ltr'><strong>iussit</strong></span> <span class='ocrx_word' id='word_1_177' title='bbox 470 2073 631 2137; x_wconf 88' lang='lat' dir='ltr'><strong>accedere.</strong></span> <span class='ocrx_word' id='word_1_178' title='bbox 666 2072 729 2137; x_wconf 92' lang='lat' dir='ltr'><strong>Illo</strong></span> <span class='ocrx_word' id='word_1_179' title='bbox 748 2075 940 2156; x_wconf 88' lang='lat' dir='ltr'><strong>perturbato</strong></span> <span class='ocrx_word' id='word_1_180' title='bbox 959 2076 992 2137; x_wconf 92' lang='lat' dir='ltr'><strong>et</strong></span> <span class='ocrx_word' id='word_1_181' title='bbox 1010 2078 1181 2138; x_wconf 88' lang='lat' dir='ltr'><strong>recusante</strong></span> <span class='ocrx_word' id='word_1_182' title='bbox 1199 2079 1287 2138; x_wconf 88' lang='lat' dir='ltr'><strong>tran-</strong></span> 
     </span>
     <span class='ocr_line' id='line_1_22' title="bbox 108 2159 1287 2247; baseline -0.002 -19"><span class='ocrx_word' id='word_1_183' title='bbox 108 2164 175 2228; x_wconf 84' lang='lat' dir='ltr'><strong>sire</strong></span> <span class='ocrx_word' id='word_1_184' title='bbox 200 2162 240 2226; x_wconf 93' lang='lat' dir='ltr'><strong>ad</strong></span> <span class='ocrx_word' id='word_1_185' title='bbox 265 2184 351 2245; x_wconf 90' lang='lat' dir='ltr'><strong>eum,</strong></span> <span class='ocrx_word' id='word_1_186' title='bbox 374 2160 547 2245; x_wconf 75' lang='lat' dir='ltr'><strong>‘Patieris&#39;,</strong></span> <span class='ocrx_word' id='word_1_187' title='bbox 570 2161 688 2245; x_wconf 92' lang='lat' dir='ltr'><strong>inquit,</strong></span> <span class='ocrx_word' id='word_1_188' title='bbox 718 2159 931 2227; x_wconf 71' lang='lat' dir='ltr'><strong>‘Demetrium</strong></span> <span class='ocrx_word' id='word_1_189' title='bbox 958 2163 1090 2227; x_wconf 88' lang='lat' dir='ltr'><strong>mentiri</strong></span> <span class='ocrx_word' id='word_1_190' title='bbox 1112 2185 1287 2247; x_wconf 87' lang='lat' dir='ltr'><strong>rursusque</strong></span> 
     </span>
     <span class='ocr_line' id='line_1_23' title="bbox 110 2249 1339 2336; baseline 0.003 -20"><span class='ocrx_word' id='word_1_191' title='bbox 110 2273 164 2316; x_wconf 91' lang='lat' dir='ltr'><strong>me</strong></span> <span class='ocrx_word' id='word_1_192' title='bbox 186 2249 394 2316; x_wconf 83' lang='lat' dir='ltr'><strong>excruciari?&#39;</strong></span> <span class='ocrx_word' id='word_1_193' title='bbox 428 2249 524 2316; x_wconf 75' lang='lat' dir='ltr'><strong>Calin</strong></span> <span class='ocrx_word' id='word_1_194' title='bbox 542 2271 605 2315; x_wconf 86' lang='lat' dir='ltr'><strong>vox</strong></span> <span class='ocrx_word' id='word_1_195' title='bbox 624 2250 819 2336; x_wconf 83' lang='lat' dir='ltr'><strong>sanguisque</strong></span> <span class='ocrx_word' id='word_1_196' title='bbox 839 2250 1024 2316; x_wconf 83' lang='lat' dir='ltr'><strong>defecerant</strong></span> <span class='ocrx_word' id='word_1_197' title='bbox 1043 2254 1077 2315; x_wconf 91' lang='lat' dir='ltr'><strong>et</strong></span> <span class='ocrx_word' id='word_1_198' title='bbox 1094 2249 1286 2316; x_wconf 84' lang='lat' dir='ltr'><strong>Macedones</strong></span> <span class='ocrx_word' id='word_1_199' title='bbox 1305 2271 1339 2320; x_wconf 77' lang='lat'><strong>3⁷</strong></span> 
     </span>
     <span class='ocr_line' id='line_1_24' title="bbox 111 2340 1288 2424; baseline 0 -19"><span class='ocrx_word' id='word_1_200' title='bbox 111 2341 269 2405; x_wconf 90' lang='lat' dir='ltr'><strong>Philotan</strong></span> <span class='ocrx_word' id='word_1_201' title='bbox 291 2341 358 2403; x_wconf 79' lang='lat' dir='ltr'><strong>iam</strong></span> <span class='ocrx_word' id='word_1_202' title='bbox 380 2340 550 2423; x_wconf 88' lang='lat' dir='ltr'><strong>inquinare</strong></span> <span class='ocrx_word' id='word_1_203' title='bbox 572 2340 721 2420; x_wconf 85' lang='lat' dir='ltr'><strong>innoxios</strong></span> <span class='ocrx_word' id='word_1_204' title='bbox 744 2341 827 2405; x_wconf 86' lang='lat' dir='ltr'><strong>velle</strong></span> <span class='ocrx_word' id='word_1_205' title='bbox 851 2340 1109 2424; x_wconf 87' lang='lat' dir='ltr'><strong>suspicabantur,</strong></span> <span class='ocrx_word' id='word_1_206' title='bbox 1130 2341 1207 2424; x_wconf 88' lang='lat' dir='ltr'><strong>quia</strong></span> <span class='ocrx_word' id='word_1_207' title='bbox 1228 2362 1288 2406; x_wconf 88' lang='lat' dir='ltr'><strong>neo</strong></span> 
     </span>
     <span class='ocr_line' id='line_1_25' title="bbox 114 2427 1288 2513; baseline 0.003 -21"><span class='ocrx_word' id='word_1_208' title='bbox 114 2452 135 2492; x_wconf 91' lang='lat' dir='ltr'><strong>a</strong></span> <span class='ocrx_word' id='word_1_209' title='bbox 158 2428 356 2493; x_wconf 88' lang='lat' dir='ltr'><strong>Nicomacho</strong></span> <span class='ocrx_word' id='word_1_210' title='bbox 379 2449 438 2492; x_wconf 88' lang='lat' dir='ltr'><strong>neo</strong></span> <span class='ocrx_word' id='word_1_211' title='bbox 457 2428 498 2493; x_wconf 91' lang='lat' dir='ltr'><strong>ab</strong></span> <span class='ocrx_word' id='word_1_212' title='bbox 517 2428 589 2513; x_wconf 89' lang='lat' dir='ltr'><strong>ipso</strong></span> <span class='ocrx_word' id='word_1_213' title='bbox 608 2427 749 2513; x_wconf 90' lang='lat' dir='ltr'><strong>Philota,</strong></span> <span class='ocrx_word' id='word_1_214' title='bbox 773 2451 846 2494; x_wconf 92' lang='lat' dir='ltr'><strong>cum</strong></span> <span class='ocrx_word' id='word_1_215' title='bbox 864 2432 1080 2513; x_wconf 88' lang='lat' dir='ltr'><strong>torqueretur,</strong></span> <span class='ocrx_word' id='word_1_216' title='bbox 1102 2429 1288 2495; x_wconf 88' lang='lat' dir='ltr'><strong>nominatus</strong></span> 
     </span>
     <span class='ocr_line' id='line_1_26' title="bbox 113 2516 1289 2601; baseline 0.001 -21"><span class='ocrx_word' id='word_1_217' title='bbox 113 2520 203 2580; x_wconf 87' lang='lat' dir='ltr'><strong>esset</strong></span> <span class='ocrx_word' id='word_1_218' title='bbox 222 2517 422 2583; x_wconf 87' lang='lat' dir='ltr'><strong>adulescens:</strong></span> <span class='ocrx_word' id='word_1_219' title='bbox 442 2517 496 2601; x_wconf 93' lang='lat' dir='ltr'><strong>qui</strong></span> <span class='ocrx_word' id='word_1_220' title='bbox 515 2520 553 2580; x_wconf 93' lang='lat' dir='ltr'><strong>ut</strong></span> <span class='ocrx_word' id='word_1_221' title='bbox 571 2516 753 2599; x_wconf 87' lang='lat' dir='ltr'><strong>praefectos</strong></span> <span class='ocrx_word' id='word_1_222' title='bbox 770 2517 859 2601; x_wconf 86' lang='lat' dir='ltr'><strong>regis</strong></span> <span class='ocrx_word' id='word_1_223' title='bbox 879 2518 1125 2582; x_wconf 87' lang='lat' dir='ltr'><strong>circumstantes</strong></span> <span class='ocrx_word' id='word_1_224' title='bbox 1145 2541 1179 2582; x_wconf 90' lang='lat' dir='ltr'><strong>se</strong></span> <span class='ocrx_word' id='word_1_225' title='bbox 1197 2517 1289 2600; x_wconf 88' lang='lat' dir='ltr'><strong>vidit,</strong></span> 
     </span>
     <span class='ocr_line' id='line_1_27' title="bbox 115 2604 1289 2691; baseline 0.001 -21"><span class='ocrx_word' id='word_1_226' title='bbox 115 2606 319 2671; x_wconf 90' lang='lat' dir='ltr'><strong>Demetrium</strong></span> <span class='ocrx_word' id='word_1_227' title='bbox 348 2609 381 2670; x_wconf 91' lang='lat' dir='ltr'><strong>et</strong></span> <span class='ocrx_word' id='word_1_228' title='bbox 411 2605 619 2688; x_wconf 88' lang='lat' dir='ltr'><strong>semetipsum</strong></span> <span class='ocrx_word' id='word_1_229' title='bbox 646 2605 680 2669; x_wconf 93' lang='lat' dir='ltr'><strong>id</strong></span> <span class='ocrx_word' id='word_1_230' title='bbox 706 2604 832 2670; x_wconf 82' lang='lat' dir='ltr'><strong>facinus</strong></span> <span class='ocrx_word' id='word_1_231' title='bbox 855 2606 1017 2691; x_wconf 89' lang='lat' dir='ltr'><strong>cogitasse</strong></span> <span class='ocrx_word' id='word_1_232' title='bbox 1040 2606 1206 2670; x_wconf 87' lang='lat' dir='ltr'><strong>confessus</strong></span> <span class='ocrx_word' id='word_1_233' title='bbox 1230 2610 1289 2671; x_wconf 92' lang='lat' dir='ltr'><strong>est.</strong></span> 
     </span>
    </p>
   </div>
   <div class='ocr_carea' id='block_1_4' title="bbox 112 2832 1301 4464">
    <p class='ocr_par' dir='ltr' id='par_1_4' title="bbox 112 2832 1301 4464">
     <span class='ocr_line' id='line_1_28' title="bbox 112 2832 1289 2904; baseline 0 -15"><span class='ocrx_word' id='word_1_234' title='bbox 112 2832 674 2904; x_wconf 83' lang='lat' dir='ltr'><strong>obgleiohichdochcinsehenmussete.</strong></span> <span class='ocrx_word' id='word_1_235' title='bbox 765 2838 807 2888; x_wconf 84' lang='lat'><strong>35.</strong></span> <span class='ocrx_word' id='word_1_236' title='bbox 827 2833 1025 2888; x_wconf 79' lang='lat' dir='ltr'><strong>Demetrius.</strong></span> <span class='ocrx_word' id='word_1_237' title='bbox 1063 2832 1089 2888; x_wconf 83' lang='lat' dir='ltr'><strong>S.</strong></span> <span class='ocrx_word' id='word_1_238' title='bbox 1111 2840 1134 2887; x_wconf 81' lang='grc'><strong>7.</strong></span> <span class='ocrx_word' id='word_1_239' title='bbox 1155 2838 1201 2901; x_wconf 84' lang='grc'><strong>15;</strong></span> <span class='ocrx_word' id='word_1_240' title='bbox 1221 2840 1246 2887; x_wconf 85' lang='grc'><strong>9.</strong></span> <span class='ocrx_word' id='word_1_241' title='bbox 1264 2838 1289 2890; x_wconf 80' lang='lat'><strong>5.</strong></span> 
     </span>
     <span class='ocr_line' id='line_1_29' title="bbox 150 2904 1290 2974; baseline 0.002 -16"><span class='ocrx_word' id='word_1_242' title='bbox 150 2905 423 2972; x_wconf 80' lang='lat' dir='ltr'><strong>3l.osoculoequc</strong></span> <span class='ocrx_word' id='word_1_243' title='bbox 436 2905 674 2958; x_wconf 80' lang='lat' dir='ltr'><strong>caerterarcut.</strong></span> <span class='ocrx_word' id='word_1_244' title='bbox 764 2910 807 2960; x_wconf 84' lang='grc'><strong>36.</strong></span> <span class='ocrx_word' id='word_1_245' title='bbox 822 2905 985 2972; x_wconf 78' lang='lat' dir='ltr'><strong>transire,</strong></span> <span class='ocrx_word' id='word_1_246' title='bbox 995 2904 1290 2974; x_wconf 83' lang='lat' dir='ltr'><strong>d.i.zuihm(eigent-</strong></span> 
     </span>
     <span class='ocr_line' id='line_1_30' title="bbox 112 2972 1290 3045; baseline 0 -15"><span class='ocrx_word' id='word_1_247' title='bbox 112 2975 266 3030; x_wconf 89' lang='lat' dir='ltr'><strong>Dieselben</strong></span> <span class='ocrx_word' id='word_1_248' title='bbox 279 2974 377 3029; x_wconf 86' lang='lat' dir='ltr'><strong>Wortc</strong></span> <span class='ocrx_word' id='word_1_249' title='bbox 395 2975 446 3027; x_wconf 85' lang='lat' dir='ltr'><strong>het</strong></span> <span class='ocrx_word' id='word_1_250' title='bbox 466 2972 621 3039; x_wconf 80' lang='lat' dir='ltr'><strong>Quintilian</strong></span> <span class='ocrx_word' id='word_1_251' title='bbox 636 2976 672 3044; x_wconf 81' lang='lat'><strong>(2.</strong></span> <span class='ocrx_word' id='word_1_252' title='bbox 728 2976 799 3030; x_wconf 85' lang='lat' dir='ltr'><strong>lioh=</strong></span> <span class='ocrx_word' id='word_1_253' title='bbox 828 2975 879 3029; x_wconf 88' lang='lat' dir='ltr'><strong>auf</strong></span> <span class='ocrx_word' id='word_1_254' title='bbox 899 2975 975 3030; x_wconf 90' lang='lat' dir='ltr'><strong>seine</strong></span> <span class='ocrx_word' id='word_1_255' title='bbox 999 2976 1084 3045; x_wconf 86' lang='lat' dir='ltr'><strong>Seite)</strong></span> <span class='ocrx_word' id='word_1_256' title='bbox 1108 2975 1168 3030; x_wconf 88' lang='lat' dir='ltr'><strong>sich</strong></span> <span class='ocrx_word' id='word_1_257' title='bbox 1191 2994 1225 3030; x_wconf 86' lang='lat' dir='ltr'><strong>zu</strong></span> <span class='ocrx_word' id='word_1_258' title='bbox 1242 2976 1290 3030; x_wconf 92' lang='lat' dir='ltr'><strong>be-</strong></span> 
     </span>
     <span class='ocr_line' id='line_1_31' title="bbox 112 3043 1290 3116; baseline -0.001 -15"><span class='ocrx_word' id='word_1_259' title='bbox 112 3055 139 3101; x_wconf 84' lang='lat'><strong>4.</strong></span> <span class='ocrx_word' id='word_1_260' title='bbox 161 3050 205 3114; x_wconf 84' lang='lat'><strong>18)</strong></span> <span class='ocrx_word' id='word_1_261' title='bbox 224 3045 255 3098; x_wconf 90' lang='lat' dir='ltr'><strong>in</strong></span> <span class='ocrx_word' id='word_1_262' title='bbox 274 3046 365 3099; x_wconf 90' lang='lat' dir='ltr'><strong>einem</strong></span> <span class='ocrx_word' id='word_1_263' title='bbox 382 3045 487 3100; x_wconf 89' lang='lat' dir='ltr'><strong>rhetor.</strong></span> <span class='ocrx_word' id='word_1_264' title='bbox 506 3043 639 3113; x_wconf 85' lang='lat' dir='ltr'><strong>Beispicl.</strong></span> <span class='ocrx_word' id='word_1_265' title='bbox 729 3048 827 3116; x_wconf 81' lang='lat' dir='ltr'><strong>geben.</strong></span> <span class='ocrx_word' id='word_1_266' title='bbox 847 3078 881 3087; x_wconf 89' lang='lat'><strong>—</strong></span> <span class='ocrx_word' id='word_1_267' title='bbox 900 3064 946 3102; x_wconf 89' lang='lat' dir='ltr'><strong>mc</strong></span> <span class='ocrx_word' id='word_1_268' title='bbox 968 3049 1171 3103; x_wconf 79' lang='lat' dir='ltr'><strong>excruciari.</strong></span> <span class='ocrx_word' id='word_1_269' title='bbox 1209 3046 1290 3101; x_wconf 92' lang='lat' dir='ltr'><strong>Blicb</strong></span> 
     </span>
     <span class='ocr_line' id='line_1_32' title="bbox 150 3116 1290 3188; baseline 0.001 -18"><span class='ocrx_word' id='word_1_270' title='bbox 150 3116 675 3186; x_wconf 77' lang='lat' dir='ltr'><strong>32.ordinemcop.ecelerie‚d.h.</strong></span> <span class='ocrx_word' id='word_1_271' title='bbox 728 3118 808 3173; x_wconf 86' lang='lat' dir='ltr'><strong>Dem.</strong></span> <span class='ocrx_word' id='word_1_272' title='bbox 836 3116 883 3172; x_wconf 91' lang='lat' dir='ltr'><strong>bei</strong></span> <span class='ocrx_word' id='word_1_273' title='bbox 910 3118 1002 3172; x_wconf 88' lang='lat' dir='ltr'><strong>seiner</strong></span> <span class='ocrx_word' id='word_1_274' title='bbox 1027 3117 1227 3188; x_wconf 85' lang='lat' dir='ltr'><strong>Behauptung,</strong></span> <span class='ocrx_word' id='word_1_275' title='bbox 1260 3134 1290 3172; x_wconf 89' lang='lat' dir='ltr'><strong>so</strong></span> 
     </span>
     <span class='ocr_line' id='line_1_33' title="bbox 112 3186 1289 3257; baseline -0.001 -15"><span class='ocrx_word' id='word_1_276' title='bbox 112 3189 170 3257; x_wconf 86' lang='lat' dir='ltr'><strong>den</strong></span> <span class='ocrx_word' id='word_1_277' title='bbox 193 3189 327 3257; x_wconf 84' lang='lat' dir='ltr'><strong>Hergang</strong></span> <span class='ocrx_word' id='word_1_278' title='bbox 354 3186 399 3241; x_wconf 90' lang='lat' dir='ltr'><strong>bei</strong></span> <span class='ocrx_word' id='word_1_279' title='bbox 425 3187 475 3241; x_wconf 88' lang='lat' dir='ltr'><strong>der</strong></span> <span class='ocrx_word' id='word_1_280' title='bbox 497 3187 675 3256; x_wconf 82' lang='lat' dir='ltr'><strong>Entstehung</strong></span> <span class='ocrx_word' id='word_1_281' title='bbox 728 3190 835 3242; x_wconf 86' lang='lat' dir='ltr'><strong>musste</strong></span> <span class='ocrx_word' id='word_1_282' title='bbox 863 3188 978 3242; x_wconf 81' lang='lat' dir='ltr'><strong>Zweilel</strong></span> <span class='ocrx_word' id='word_1_283' title='bbox 1005 3205 1041 3243; x_wconf 86' lang='lat' dir='ltr'><strong>an</strong></span> <span class='ocrx_word' id='word_1_284' title='bbox 1069 3189 1118 3242; x_wconf 86' lang='lat' dir='ltr'><strong>des</strong></span> <span class='ocrx_word' id='word_1_285' title='bbox 1140 3188 1212 3241; x_wconf 91' lang='lat' dir='ltr'><strong>Phil.</strong></span> <span class='ocrx_word' id='word_1_286' title='bbox 1238 3187 1289 3241; x_wconf 91' lang='lat' dir='ltr'><strong>Be·</strong></span> 
     </span>
     <span class='ocr_line' id='line_1_34' title="bbox 114 3256 1290 3328; baseline -0.001 -16"><span class='ocrx_word' id='word_1_287' title='bbox 114 3261 164 3314; x_wconf 82' lang='lat' dir='ltr'><strong>des</strong></span> <span class='ocrx_word' id='word_1_288' title='bbox 199 3258 356 3328; x_wconf 84' lang='lat' dir='ltr'><strong>Complotts</strong></span> <span class='ocrx_word' id='word_1_289' title='bbox 386 3259 454 3326; x_wconf 71' lang='lat' dir='ltr'><strong>(cop.</strong></span> <span class='ocrx_word' id='word_1_290' title='bbox 486 3258 592 3326; x_wconf 76' lang='lat' dir='ltr'><strong>scelus).</strong></span> <span class='ocrx_word' id='word_1_291' title='bbox 639 3256 675 3312; x_wconf 81' lang='lat' dir='ltr'><strong>So</strong></span> <span class='ocrx_word' id='word_1_292' title='bbox 728 3259 887 3327; x_wconf 82' lang='lat' dir='ltr'><strong>theuerung</strong></span> <span class='ocrx_word' id='word_1_293' title='bbox 909 3261 934 3326; x_wconf 67' lang='grc' dir='ltr'><strong>(ξ</strong></span> <span class='ocrx_word' id='word_1_294' title='bbox 959 3260 1004 3327; x_wconf 85' lang='grc'><strong>30)</strong></span> <span class='ocrx_word' id='word_1_295' title='bbox 1029 3259 1188 3324; x_wconf 76' lang='lat' dir='ltr'><strong>entstehem</strong></span> <span class='ocrx_word' id='word_1_296' title='bbox 1217 3258 1290 3312; x_wconf 87' lang='lat' dir='ltr'><strong>deun</strong></span> 
     </span>
     <span class='ocr_line' id='line_1_35' title="bbox 113 3327 1290 3397; baseline -0.002 -14"><span class='ocrx_word' id='word_1_297' title='bbox 113 3330 256 3384; x_wconf 86' lang='lat' dir='ltr'><strong>brauchen</strong></span> <span class='ocrx_word' id='word_1_298' title='bbox 280 3329 337 3383; x_wconf 86' lang='lat' dir='ltr'><strong>bes.</strong></span> <span class='ocrx_word' id='word_1_299' title='bbox 360 3327 405 3382; x_wconf 90' lang='lat' dir='ltr'><strong>die</strong></span> <span class='ocrx_word' id='word_1_300' title='bbox 423 3328 559 3382; x_wconf 82' lang='lat' dir='ltr'><strong>Komilrer</strong></span> <span class='ocrx_word' id='word_1_301' title='bbox 581 3328 676 3397; x_wconf 74' lang='lat' dir='ltr'><strong>htufig</strong></span> <span class='ocrx_word' id='word_1_302' title='bbox 730 3345 760 3383; x_wconf 85' lang='lat' dir='ltr'><strong>ee</strong></span> <span class='ocrx_word' id='word_1_303' title='bbox 782 3346 841 3384; x_wconf 83' lang='lat' dir='ltr'><strong>war</strong></span> <span class='ocrx_word' id='word_1_304' title='bbox 863 3328 1148 3394; x_wconf 83' lang='lat' dir='ltr'><strong>unwahrscheinlich‚</strong></span> <span class='ocrx_word' id='word_1_305' title='bbox 1171 3329 1235 3382; x_wconf 85' lang='lat' dir='ltr'><strong>dass</strong></span> <span class='ocrx_word' id='word_1_306' title='bbox 1254 3345 1290 3382; x_wconf 88' lang='lat' dir='ltr'><strong>an</strong></span> 
     </span>
     <span class='ocr_line' id='line_1_36' title="bbox 113 3398 1291 3468; baseline -0.001 -14"><span class='ocrx_word' id='word_1_307' title='bbox 113 3402 184 3455; x_wconf 83' lang='lat' dir='ltr'><strong>ordo</strong></span> <span class='ocrx_word' id='word_1_308' title='bbox 198 3426 230 3445; x_wconf 90' lang='lat'><em>=</em></span> <span class='ocrx_word' id='word_1_309' title='bbox 245 3401 295 3454; x_wconf 87' lang='lat' dir='ltr'><strong>der</strong></span> <span class='ocrx_word' id='word_1_310' title='bbox 312 3400 446 3468; x_wconf 84' lang='lat' dir='ltr'><strong>Hergang</strong></span> <span class='ocrx_word' id='word_1_311' title='bbox 464 3399 513 3453; x_wconf 87' lang='lat' dir='ltr'><strong>der</strong></span> <span class='ocrx_word' id='word_1_312' title='bbox 529 3398 626 3453; x_wconf 85' lang='lat' dir='ltr'><strong>Saohe.</strong></span> <span class='ocrx_word' id='word_1_313' title='bbox 641 3428 674 3438; x_wconf 97' lang='lat'>-</span> <span class='ocrx_word' id='word_1_314' title='bbox 730 3399 794 3454; x_wconf 91' lang='lat' dir='ltr'><strong>dem</strong></span> <span class='ocrx_word' id='word_1_315' title='bbox 823 3399 967 3467; x_wconf 85' lang='lat' dir='ltr'><strong>Complott</strong></span> <span class='ocrx_word' id='word_1_316' title='bbox 997 3399 1094 3454; x_wconf 88' lang='lat' dir='ltr'><strong>keiner</strong></span> <span class='ocrx_word' id='word_1_317' title='bbox 1122 3399 1172 3452; x_wconf 89' lang='lat' dir='ltr'><strong>der</strong></span> <span class='ocrx_word' id='word_1_318' title='bbox 1202 3399 1291 3454; x_wconf 76' lang='lat' dir='ltr'><strong>hoher</strong></span> 
     </span>
     <span class='ocr_line' id='line_1_37' title="bbox 114 3468 1292 3539; baseline 0.001 -14"><span class='ocrx_word' id='word_1_319' title='bbox 114 3476 305 3537; x_wconf 79' lang='lat' dir='ltr'><strong>retentura,</strong></span> <span class='ocrx_word' id='word_1_320' title='bbox 327 3487 358 3524; x_wconf 86' lang='lat' dir='ltr'><strong>so</strong></span> <span class='ocrx_word' id='word_1_321' title='bbox 377 3471 442 3524; x_wconf 89' lang='lat' dir='ltr'><strong>dass</strong></span> <span class='ocrx_word' id='word_1_322' title='bbox 460 3469 506 3523; x_wconf 87' lang='lat' dir='ltr'><strong>die</strong></span> <span class='ocrx_word' id='word_1_323' title='bbox 524 3468 677 3522; x_wconf 79' lang='lat' dir='ltr'><strong>Rflclrhehr</strong></span> <span class='ocrx_word' id='word_1_324' title='bbox 730 3470 885 3527; x_wconf 83' lang='lat' dir='ltr'><strong>stehenden</strong></span> <span class='ocrx_word' id='word_1_325' title='bbox 912 3468 1040 3525; x_wconf 86' lang='lat' dir='ltr'><strong>Officiere</strong></span> <span class='ocrx_word' id='word_1_326' title='bbox 1066 3469 1218 3539; x_wconf 81' lang='lat' dir='ltr'><strong>betheiligt</strong></span> <span class='ocrx_word' id='word_1_327' title='bbox 1244 3488 1292 3538; x_wconf 80' lang='lat' dir='ltr'><strong>ge·</strong></span> 
     </span>
     <span class='ocr_line' id='line_1_38' title="bbox 113 3539 1291 3609; baseline 0 -15"><span class='ocrx_word' id='word_1_328' title='bbox 113 3542 189 3596; x_wconf 83' lang='lat' dir='ltr'><strong>nach</strong></span> <span class='ocrx_word' id='word_1_329' title='bbox 203 3541 314 3597; x_wconf 88' lang='lat' dir='ltr'><strong>Medien</strong></span> <span class='ocrx_word' id='word_1_330' title='bbox 327 3541 357 3594; x_wconf 91' lang='lat' dir='ltr'><strong>in</strong></span> <span class='ocrx_word' id='word_1_331' title='bbox 370 3540 452 3595; x_wconf 87' lang='lat' dir='ltr'><strong>weite</strong></span> <span class='ocrx_word' id='word_1_332' title='bbox 461 3539 677 3609; x_wconf 79' lang='lat' dir='ltr'><strong>Femegerr&#39;iolrt</strong></span> <span class='ocrx_word' id='word_1_333' title='bbox 730 3557 823 3596; x_wconf 87' lang='lat' dir='ltr'><strong>wesen</strong></span> <span class='ocrx_word' id='word_1_334' title='bbox 846 3540 906 3594; x_wconf 88' lang='lat' dir='ltr'><strong>sein</strong></span> <span class='ocrx_word' id='word_1_335' title='bbox 929 3540 1023 3606; x_wconf 87' lang='lat' dir='ltr'><strong>sollte;</strong></span> <span class='ocrx_word' id='word_1_336' title='bbox 1047 3541 1121 3595; x_wconf 88' lang='lat' dir='ltr'><strong>auch</strong></span> <span class='ocrx_word' id='word_1_337' title='bbox 1142 3542 1221 3596; x_wconf 85' lang='lat' dir='ltr'><strong>hatte</strong></span> <span class='ocrx_word' id='word_1_338' title='bbox 1241 3540 1291 3595; x_wconf 80' lang='lat' dir='ltr'><strong>Ce-</strong></span> 
     </span>
     <span class='ocr_line' id='line_1_39' title="bbox 115 3610 1291 3667; baseline 0.001 -1"><span class='ocrx_word' id='word_1_339' title='bbox 115 3612 220 3667; x_wconf 89' lang='lat' dir='ltr'><strong>sohien.</strong></span> <span class='ocrx_word' id='word_1_340' title='bbox 250 3644 286 3653; x_wconf 93' lang='lat'>—</span> <span class='ocrx_word' id='word_1_341' title='bbox 313 3628 416 3666; x_wconf 82' lang='lat' dir='ltr'><strong>causa</strong></span> <span class='ocrx_word' id='word_1_342' title='bbox 441 3611 515 3665; x_wconf 86' lang='lat' dir='ltr'><strong>hier:</strong></span> <span class='ocrx_word' id='word_1_343' title='bbox 544 3610 676 3666; x_wconf 84' lang='lat' dir='ltr'><strong>Aulaes.</strong></span> <span class='ocrx_word' id='word_1_344' title='bbox 729 3611 841 3666; x_wconf 79' lang='lat' dir='ltr'><strong>belinus</strong></span> <span class='ocrx_word' id='word_1_345' title='bbox 864 3610 924 3666; x_wconf 88' lang='lat' dir='ltr'><strong>sich</strong></span> <span class='ocrx_word' id='word_1_346' title='bbox 947 3611 1144 3666; x_wconf 77' lang='lat' dir='ltr'><strong>ausdrucklich</strong></span> <span class='ocrx_word' id='word_1_347' title='bbox 1172 3611 1222 3666; x_wconf 86' lang='lat' dir='ltr'><strong>anf</strong></span> <span class='ocrx_word' id='word_1_348' title='bbox 1245 3612 1291 3667; x_wconf 88' lang='lat' dir='ltr'><strong>die</strong></span> 
     </span>
     <span class='ocr_line' id='line_1_40' title="bbox 114 3681 1292 3750; baseline 0 -12"><span class='ocrx_word' id='word_1_349' title='bbox 114 3684 177 3738; x_wconf 86' lang='lat' dir='ltr'><strong>Nur</strong></span> <span class='ocrx_word' id='word_1_350' title='bbox 193 3684 234 3738; x_wconf 89' lang='lat' dir='ltr'><strong>im</strong></span> <span class='ocrx_word' id='word_1_351' title='bbox 251 3682 386 3738; x_wconf 85' lang='lat' dir='ltr'><strong>Hinbliclr</strong></span> <span class='ocrx_word' id='word_1_352' title='bbox 405 3683 456 3736; x_wconf 85' lang='lat' dir='ltr'><strong>auf</strong></span> <span class='ocrx_word' id='word_1_353' title='bbox 472 3681 562 3736; x_wconf 82' lang='lat' dir='ltr'><strong>seinos</strong></span> <span class='ocrx_word' id='word_1_354' title='bbox 577 3681 676 3735; x_wconf 86' lang='lat' dir='ltr'><strong>Vaters</strong></span> <span class='ocrx_word' id='word_1_355' title='bbox 730 3682 916 3737; x_wconf 83' lang='lat' dir='ltr'><strong>Theilnahme</strong></span> <span class='ocrx_word' id='word_1_356' title='bbox 934 3699 991 3738; x_wconf 84' lang='lat' dir='ltr'><strong>von</strong></span> <span class='ocrx_word' id='word_1_357' title='bbox 1011 3684 1067 3737; x_wconf 78' lang='lat' dir='ltr'><strong>oiri</strong></span> <span class='ocrx_word' id='word_1_358' title='bbox 1083 3683 1167 3750; x_wconf 82' lang='lat' dir='ltr'><strong>fortes</strong></span> <span class='ocrx_word' id='word_1_359' title='bbox 1185 3688 1210 3736; x_wconf 80' lang='lat' dir='ltr'><strong>et</strong></span> <span class='ocrx_word' id='word_1_360' title='bbox 1227 3683 1292 3738; x_wconf 76' lang='lat' dir='ltr'><strong>cllu-</strong></span> 
     </span>
     <span class='ocr_line' id='line_1_41' title="bbox 114 3751 1043 3824; baseline -0.001 -15"><span class='ocrx_word' id='word_1_361' title='bbox 114 3751 677 3824; x_wconf 79' lang='lat' dir='ltr'><strong>MachtstellungkonntePhilroneinem</strong></span> <span class='ocrx_word' id='word_1_362' title='bbox 730 3760 798 3809; x_wconf 77' lang='lat' dir='ltr'><strong>atres</strong></span> <span class='ocrx_word' id='word_1_363' title='bbox 816 3757 852 3823; x_wconf 75' lang='lat' dir='ltr'><strong>(t.</strong></span> <span class='ocrx_word' id='word_1_364' title='bbox 873 3755 899 3822; x_wconf 82' lang='lat'><strong>6)</strong></span> <span class='ocrx_word' id='word_1_365' title='bbox 918 3753 1043 3808; x_wconf 85' lang='lat' dir='ltr'><strong>berufen.</strong></span> 
     </span>
     <span class='ocr_line' id='line_1_42' title="bbox 114 3823 1293 3895; baseline -0.001 -16"><span class='ocrx_word' id='word_1_366' title='bbox 114 3827 277 3895; x_wconf 84' lang='lat' dir='ltr'><strong>Auschlage</strong></span> <span class='ocrx_word' id='word_1_367' title='bbox 309 3824 360 3881; x_wconf 84' lang='lat' dir='ltr'><strong>auf</strong></span> <span class='ocrx_word' id='word_1_368' title='bbox 384 3823 557 3878; x_wconf 84' lang='lat' dir='ltr'><strong>Alexanders</strong></span> <span class='ocrx_word' id='word_1_369' title='bbox 583 3823 678 3878; x_wconf 84' lang='lat' dir='ltr'><strong>Leben</strong></span> <span class='ocrx_word' id='word_1_370' title='bbox 766 3831 809 3880; x_wconf 78' lang='lat'><strong>37.</strong></span> <span class='ocrx_word' id='word_1_371' title='bbox 828 3824 996 3880; x_wconf 78' lang='lat' dir='ltr'><strong>etMaced.</strong></span> <span class='ocrx_word' id='word_1_372' title='bbox 1068 3824 1293 3893; x_wconf 79' lang='lat' dir='ltr'><strong>auspicaban-</strong></span> 
     </span>
     <span class='ocr_line' id='line_1_43' title="bbox 115 3894 1292 3965; baseline -0.004 -13"><span class='ocrx_word' id='word_1_373' title='bbox 115 3898 234 3952; x_wconf 85' lang='lat' dir='ltr'><strong>Gewinn</strong></span> <span class='ocrx_word' id='word_1_374' title='bbox 252 3898 296 3952; x_wconf 69' lang='lat' dir='ltr'><strong>fiir</strong></span> <span class='ocrx_word' id='word_1_375' title='bbox 314 3896 374 3951; x_wconf 88' lang='lat' dir='ltr'><strong>sich</strong></span> <span class='ocrx_word' id='word_1_376' title='bbox 387 3894 488 3950; x_wconf 85' lang='lat' dir='ltr'><strong>hoffen</strong></span> <span class='ocrx_word' id='word_1_377' title='bbox 505 3923 537 3933; x_wconf 92' lang='lat'><em>-</em></span> <span class='ocrx_word' id='word_1_378' title='bbox 556 3894 594 3947; x_wconf 80' lang='lat' dir='ltr'><strong>in</strong></span> <span class='ocrx_word' id='word_1_379' title='bbox 610 3911 677 3948; x_wconf 85' lang='lat' dir='ltr'><strong>ma·</strong></span> <span class='ocrx_word' id='word_1_380' title='bbox 730 3903 799 3965; x_wconf 79' lang='lat' dir='ltr'><strong>tur,</strong></span> <span class='ocrx_word' id='word_1_381' title='bbox 824 3896 894 3953; x_wconf 83' lang='lat' dir='ltr'><strong>‘und</strong></span> <span class='ocrx_word' id='word_1_382' title='bbox 917 3897 961 3950; x_wconf 90' lang='lat' dir='ltr'><strong>die</strong></span> <span class='ocrx_word' id='word_1_383' title='bbox 980 3896 1052 3951; x_wconf 87' lang='lat' dir='ltr'><strong>Mac.</strong></span> <span class='ocrx_word' id='word_1_384' title='bbox 1075 3896 1168 3965; x_wconf 82' lang='lat' dir='ltr'><strong>finger</strong></span> <span class='ocrx_word' id='word_1_385' title='bbox 1188 3894 1292 3950; x_wconf 88' lang='lat' dir='ltr'><strong>bereits</strong></span> 
     </span>
     <span class='ocr_line' id='line_1_44' title="bbox 114 3963 1293 4048; baseline -0.003 -24"><span class='ocrx_word' id='word_1_386' title='bbox 114 3971 229 4035; x_wconf 80' lang='lat' dir='ltr'><strong>nibus,</strong></span> <span class='ocrx_word' id='word_1_387' title='bbox 251 3968 374 4024; x_wconf 82' lang='lat' dir='ltr'><strong>insolern</strong></span> <span class='ocrx_word' id='word_1_388' title='bbox 397 3984 427 4021; x_wconf 88' lang='lat' dir='ltr'><strong>er</strong></span> <span class='ocrx_word' id='word_1_389' title='bbox 445 3965 529 4048; x_wconf 84' lang='lat' dir='ltr'><strong>alles,</strong></span> <span class='ocrx_word' id='word_1_390' title='bbox 552 3981 610 4018; x_wconf 81' lang='lat' dir='ltr'><strong>was</strong></span> <span class='ocrx_word' id='word_1_391' title='bbox 628 3963 679 4020; x_wconf 87' lang='lat' dir='ltr'><strong>der</strong></span> <span class='ocrx_word' id='word_1_392' title='bbox 731 3984 767 4022; x_wconf 85' lang='lat' dir='ltr'><strong>an</strong></span> <span class='ocrx_word' id='word_1_393' title='bbox 781 3968 1002 4036; x_wconf 76' lang='lat' dir='ltr'><strong>zuargwbh&#39;nen.</strong></span> <span class='ocrx_word' id='word_1_394' title='bbox 1030 3967 1086 4022; x_wconf 89' lang='lat' dir='ltr'><strong>Der</strong></span> <span class='ocrx_word' id='word_1_395' title='bbox 1098 3965 1293 4036; x_wconf 79' lang='lat' dir='ltr'><strong>folgendeRc-</strong></span> 
     </span>
     <span class='ocr_line' id='line_1_45' title="bbox 117 4035 1293 4108; baseline -0.002 -14"><span class='ocrx_word' id='word_1_396' title='bbox 117 4041 204 4094; x_wconf 88' lang='lat' dir='ltr'><strong>Vater</strong></span> <span class='ocrx_word' id='word_1_397' title='bbox 221 4042 310 4108; x_wconf 86' lang='lat' dir='ltr'><strong>hatte,</strong></span> <span class='ocrx_word' id='word_1_398' title='bbox 330 4039 372 4094; x_wconf 86' lang='lat' dir='ltr'><strong>als</strong></span> <span class='ocrx_word' id='word_1_399' title='bbox 387 4039 437 4093; x_wconf 87' lang='lat' dir='ltr'><strong>das</strong></span> <span class='ocrx_word' id='word_1_400' title='bbox 452 4037 565 4106; x_wconf 83' lang='lat' dir='ltr'><strong>Seimge</strong></span> <span class='ocrx_word' id='word_1_401' title='bbox 579 4035 677 4091; x_wconf 87' lang='lat' dir='ltr'><strong>ansah.</strong></span> <span class='ocrx_word' id='word_1_402' title='bbox 731 4037 863 4093; x_wconf 83' lang='lat' dir='ltr'><strong>lativsatr</strong></span> <span class='ocrx_word' id='word_1_403' title='bbox 882 4040 930 4107; x_wconf 76' lang='lat' dir='ltr'><strong>qui</strong></span> <span class='ocrx_word' id='word_1_404' title='bbox 949 4039 1086 4105; x_wconf 79' lang='lat' dir='ltr'><strong>confessas</strong></span> <span class='ocrx_word' id='word_1_405' title='bbox 1103 4043 1143 4093; x_wconf 81' lang='lat' dir='ltr'><strong>est</strong></span> <span class='ocrx_word' id='word_1_406' title='bbox 1159 4037 1198 4091; x_wconf 89' lang='lat' dir='ltr'><strong>ist</strong></span> <span class='ocrx_word' id='word_1_407' title='bbox 1211 4036 1293 4092; x_wconf 83' lang='lat' dir='ltr'><strong>riem-</strong></span> 
     </span>
     <span class='ocr_line' id='line_1_46' title="bbox 153 4107 1294 4179; baseline -0.002 -14"><span class='ocrx_word' id='word_1_408' title='bbox 153 4118 195 4165; x_wconf 83' lang='lat'><strong>34.</strong></span> <span class='ocrx_word' id='word_1_409' title='bbox 223 4111 394 4166; x_wconf 80' lang='lat' dir='ltr'><strong>conlocuti</strong></span> <span class='ocrx_word' id='word_1_410' title='bbox 411 4135 445 4156; x_wconf 90' lang='lat'><em>=</em></span> <span class='ocrx_word' id='word_1_411' title='bbox 465 4107 606 4177; x_wconf 80' lang='lat' dir='ltr'><strong>conloquio</strong></span> <span class='ocrx_word' id='word_1_412' title='bbox 629 4107 679 4161; x_wconf 82' lang='lat' dir='ltr'><strong>ha·</strong></span> <span class='ocrx_word' id='word_1_413' title='bbox 731 4109 790 4163; x_wconf 89' lang='lat' dir='ltr'><strong>lich</strong></span> <span class='ocrx_word' id='word_1_414' title='bbox 817 4109 1068 4179; x_wconf 82' lang='lat' dir='ltr'><strong>gleiohbedeutend</strong></span> <span class='ocrx_word' id='word_1_415' title='bbox 1096 4109 1188 4165; x_wconf 88' lang='lat' dir='ltr'><strong>einem</strong></span> <span class='ocrx_word' id='word_1_416' title='bbox 1218 4109 1294 4163; x_wconf 88' lang='lat' dir='ltr'><strong>eine</strong></span> 
     </span>
     <span class='ocr_line' id='line_1_47' title="bbox 116 4179 1295 4250; baseline -0.002 -14"><span class='ocrx_word' id='word_1_417' title='bbox 116 4183 175 4236; x_wconf 79' lang='lat' dir='ltr'><strong>bito</strong></span> <span class='ocrx_word' id='word_1_418' title='bbox 189 4184 365 4247; x_wconf 77' lang='lat' dir='ltr'><strong>decernentes,</strong></span> <span class='ocrx_word' id='word_1_419' title='bbox 379 4181 467 4236; x_wconf 87' lang='lat' dir='ltr'><strong>daher</strong></span> <span class='ocrx_word' id='word_1_420' title='bbox 480 4179 534 4234; x_wconf 90' lang='lat' dir='ltr'><strong>mit</strong></span> <span class='ocrx_word' id='word_1_421' title='bbox 547 4179 611 4233; x_wconf 89' lang='lat' dir='ltr'><strong>dem</strong></span> <span class='ocrx_word' id='word_1_422' title='bbox 621 4193 679 4231; x_wconf 82' lang='lat' dir='ltr'><strong>ace.</strong></span> <span class='ocrx_word' id='word_1_423' title='bbox 732 4180 1006 4234; x_wconf 77' lang='lat' dir='ltr'><strong>oberraschende</strong></span> <span class='ocrx_word' id='word_1_424' title='bbox 1030 4179 1208 4250; x_wconf 83' lang='lat' dir='ltr'><strong>Wendung</strong></span> <span class='ocrx_word' id='word_1_425' title='bbox 1234 4180 1295 4248; x_wconf 81' lang='lat' dir='ltr'><strong>der</strong></span> 
     </span>
     <span class='ocr_line' id='line_1_48' title="bbox 117 4248 1296 4323; baseline -0.001 -16"><span class='ocrx_word' id='word_1_426' title='bbox 117 4270 141 4307; x_wconf 91' lang='lat' dir='ltr'><strong>c.</strong></span> <span class='ocrx_word' id='word_1_427' title='bbox 161 4254 209 4306; x_wconf 86' lang='lat' dir='ltr'><strong>inf.</strong></span> <span class='ocrx_word' id='word_1_428' title='bbox 247 4255 310 4323; x_wconf 86' lang='lat' dir='ltr'><strong>Vgl.</strong></span> <span class='ocrx_word' id='word_1_429' title='bbox 330 4252 386 4307; x_wconf 82' lang='lat' dir='ltr'><strong>Cic.</strong></span> <span class='ocrx_word' id='word_1_430' title='bbox 407 4269 470 4321; x_wconf 86' lang='lat' dir='ltr'><strong>epp.</strong></span> <span class='ocrx_word' id='word_1_431' title='bbox 489 4250 526 4306; x_wconf 87' lang='lat' dir='ltr'><strong>ad</strong></span> <span class='ocrx_word' id='word_1_432' title='bbox 540 4248 599 4304; x_wconf 84' lang='lat' dir='ltr'><strong>Att.</strong></span> <span class='ocrx_word' id='word_1_433' title='bbox 614 4255 639 4304; x_wconf 87' lang='lat'><strong>6.</strong></span> <span class='ocrx_word' id='word_1_434' title='bbox 654 4253 679 4306; x_wconf 87' lang='lat'><strong>8.</strong></span> <span class='ocrx_word' id='word_1_435' title='bbox 732 4250 843 4321; x_wconf 82' lang='lat' dir='ltr'><strong>Dinge</strong></span> <span class='ocrx_word' id='word_1_436' title='bbox 857 4249 1057 4306; x_wconf 76' lang='lat' dir='ltr'><strong>einfdhrenden</strong></span> <span class='ocrx_word' id='word_1_437' title='bbox 1072 4251 1154 4307; x_wconf 86' lang='lat' dir='ltr'><strong>Satzc</strong></span> <span class='ocrx_word' id='word_1_438' title='bbox 1167 4251 1221 4305; x_wconf 93' lang='lat' dir='ltr'><strong>mit</strong></span> <span class='ocrx_word' id='word_1_439' title='bbox 1234 4268 1296 4306; x_wconf 82' lang='lat' dir='ltr'><strong>eum</strong></span> 
     </span>
     <span class='ocr_line' id='line_1_49' title="bbox 117 4320 1301 4392; baseline -0.003 -14"><span class='ocrx_word' id='word_1_440' title='bbox 117 4331 145 4389; x_wconf 82' lang='lat'><strong>2,</strong></span> <span class='ocrx_word' id='word_1_441' title='bbox 164 4342 207 4378; x_wconf 87' lang='lat' dir='ltr'><strong>wo</strong></span> <span class='ocrx_word' id='word_1_442' title='bbox 227 4341 282 4379; x_wconf 82' lang='lat' dir='ltr'><strong>von</strong></span> <span class='ocrx_word' id='word_1_443' title='bbox 295 4326 382 4392; x_wconf 72' lang='lat' dir='ltr'><strong>pluero</strong></span> <span class='ocrx_word' id='word_1_444' title='bbox 401 4325 506 4378; x_wconf 76' lang='lat' dir='ltr'><strong>loeutus</strong></span> <span class='ocrx_word' id='word_1_445' title='bbox 524 4320 569 4375; x_wconf 89' lang='lat' dir='ltr'><strong>ein</strong></span> <span class='ocrx_word' id='word_1_446' title='bbox 583 4336 641 4375; x_wconf 86' lang='lat' dir='ltr'><strong>acc.</strong></span> <span class='ocrx_word' id='word_1_447' title='bbox 657 4337 680 4375; x_wconf 89' lang='lat' dir='ltr'><strong>o.</strong></span> <span class='ocrx_word' id='word_1_448' title='bbox 735 4340 758 4377; x_wconf 93' lang='lat' dir='ltr'><strong>c.</strong></span> <span class='ocrx_word' id='word_1_449' title='bbox 782 4321 865 4378; x_wconf 91' lang='lat' dir='ltr'><strong>indic.</strong></span> <span class='ocrx_word' id='word_1_450' title='bbox 909 4320 1075 4391; x_wconf 86' lang='lat' dir='ltr'><strong>Vergleiche</strong></span> <span class='ocrx_word' id='word_1_451' title='bbox 1104 4330 1129 4379; x_wconf 89' lang='lat'><strong>3.</strong></span> <span class='ocrx_word' id='word_1_452' title='bbox 1158 4329 1184 4379; x_wconf 70' lang='lat'><strong>⁵1.</strong></span> <span class='ocrx_word' id='word_1_453' title='bbox 1211 4329 1246 4389; x_wconf 62' lang='lat'><strong>23</strong></span> <span class='ocrx_word' id='word_1_454' title='bbox 1270 4329 1301 4376; x_wconf 64' lang='lat' dir='ltr'><strong>a.</strong></span> 
     </span>
     <span class='ocr_line' id='line_1_50' title="bbox 118 4394 844 4464; baseline 0.003 -16"><span class='ocrx_word' id='word_1_455' title='bbox 118 4394 170 4448; x_wconf 87' lang='lat' dir='ltr'><strong>inf.</strong></span> <span class='ocrx_word' id='word_1_456' title='bbox 191 4394 324 4464; x_wconf 80' lang='lat' dir='ltr'><strong>abh&#39;angt.</strong></span> <span class='ocrx_word' id='word_1_457' title='bbox 737 4401 780 4451; x_wconf 84' lang='lat'><strong>11.</strong></span> <span class='ocrx_word' id='word_1_458' title='bbox 799 4400 844 4450; x_wconf 70' lang='grc' dir='ltr'><strong>Ἃ.</strong></span> 
     </span>
    </p>
   </div>
   <div class='ocr_carea' id='block_1_5' title="bbox 175 4487 1112 4545">
    <p class='ocr_par' dir='ltr' id='par_1_5' title="bbox 175 4487 1112 4545">
     <span class='ocr_line' id='line_1_51' title="bbox 175 4487 1112 4545; baseline 0.003 -13"><span class='ocrx_word' id='word_1_459' title='bbox 175 4494 268 4545; x_wconf 81' lang='lat' dir='ltr'><strong>Voorn,</strong></span> <span class='ocrx_word' id='word_1_460' title='bbox 281 4494 304 4542; x_wconf 76' lang='lat' dir='ltr'><strong>Q.</strong></span> <span class='ocrx_word' id='word_1_461' title='bbox 320 4493 417 4535; x_wconf 70' lang='lat' dir='ltr'><strong>Curtius.</strong></span> <span class='ocrx_word' id='word_1_462' title='bbox 432 4492 465 4535; x_wconf 87' lang='lat'><strong>11.</strong></span> <span class='ocrx_word' id='word_1_463' title='bbox 1093 4487 1112 4535; x_wconf 62' lang='lat' dir='ltr'><strong>tr</strong></span> 
     </span>
    </p>
   </div>
   <div class='ocr_carea' id='block_1_6' title="bbox 0 0 1414 4792">
    <p class='ocr_par' dir='ltr' id='par_1_6' title="bbox 0 0 1414 4792">
     <span class='ocr_line' id='line_1_52' title="bbox 0 0 1414 4792; baseline 0 0"><span class='ocrx_word' id='word_1_464' title='bbox 0 0 1414 4792; x_wconf 95' lang='lat' dir='ltr'><strong> </strong></span> 
     </span>
    </p>
   </div>
  </div>
 </body>
</html>
