2790 4792
424 239 678 295 HISTORIARUM
696 239 911 296 ALEXANDRI
928 240 976 309 VI,
994 246 1019 298 3.
1270 242 1308 306 ll

138 405 297 485 tempore,
320 402 454 486 milites,
477 421 558 486 opus
581 406 644 488 est,
666 402 744 467 dum
766 403 949 469 mitioribus
969 404 1108 489 ingeniis
1131 405 1310 471 inbuuntur

139 494 173 554 et
212 490 361 556 efferatos
397 491 512 555 melior
548 492 745 559 consuetudo
781 493 968 576 permulcet.
1022 491 1145 578 Fruges
1182 515 1345 580 quoqeer

137 581 360 644 maturitatem
384 583 470 646 stato
496 584 643 664 tempore
666 585 851 667 expeetant:
882 579 962 646 adeo
986 581 1085 647 etiam
1113 582 1172 646 illa
1195 604 1310 648 sensus

137 669 244 734 omnis
268 668 414 751 expertia
434 672 545 734 tamen
565 690 628 734 sne
649 670 723 754 lege
745 671 927 735 mitescunt.
974 671 1080 748 Quid?
1103 671 1235 737 creditis
1258 675 1310 737 tot
1329 689 1345 738 8

137 762 264 843 gentes,
291 757 424 822 alterius
451 758 587 842 imperio
612 779 649 824 ao
671 759 802 824 nomine
825 758 990 843 adsuetas,
1017 781 1082 825 non
1105 760 1220 838 saeris,
1246 780 1311 825 non

135 846 294 931 moribus,
316 867 384 911 non
402 847 593 912 commercio
616 848 746 933 linguae
763 848 933 914 nobiseum
951 848 1174 932 cohaerentes,
1198 849 1309 914 eodem

134 936 259 1018 proelio
283 935 424 1001 domitas
445 956 531 1020 esse,
554 957 617 1020 quo
635 937 739 1002 vietae
758 935 855 1002 aunt?
878 936 1007 1002 Vestris
1026 937 1125 1002 armis
1144 936 1310 1003 eontinen-

133 1026 203 1106 tur,
225 1044 293 1088 non
315 1025 382 1089 suis
402 1025 561 1108 moribus,
584 1028 617 1090 et
639 1025 695 1109 qui
717 1029 904 1109 praesentes
924 1030 1086 1105 metuunt,
1107 1026 1143 1092 in
1161 1026 1310 1092 absentia

134 1111 245 1177 hostes
274 1116 378 1178 erunt.
428 1112 509 1179 Cum
536 1112 614 1178 feris
641 1113 756 1178 bestiis
784 1134 835 1178 res
863 1118 926 1199 eet,
952 1135 1034 1200 quae
1063 1118 1174 1199 captae
1202 1119 1236 1180 et
1263 1115 1310 1179 in-

136 1199 258 1284 clusae,
281 1201 357 1285 quia
379 1202 524 1286 ipsarum
546 1205 663 1268 natura
684 1222 750 1268 non
772 1206 896 1287 potest,
924 1204 1054 1288 longior
1077 1203 1145 1268 dies
1168 1204 1310 1287 mitigat.

101 1287 181 1362 8llt
207 1290 311 1355 adhue
339 1290 386 1355 sie
412 1311 488 1376 ago,
515 1298 681 1376 tamquam
703 1291 812 1356 omnia
835 1293 971 1358 subeeta
998 1293 1063 1357 sint
1086 1292 1200 1377 mmis,
1228 1310 1344 1376 quaee

134 1378 267 1443 fuerunt
293 1380 328 1444 in
355 1379 480 1445 dicione
508 1379 618 1445 Darei.
662 1377 862 1465 Hyroaniem
885 1379 1095 1447 Narbonenes
1125 1380 1308 1465 ooeuparit:

134 1467 255 1532 Baetra
277 1489 343 1533 non
365 1468 511 1552 possidet
534 1469 639 1534 solum
662 1469 824 1553 parricide
846 1469 982 1554 Bessus,
1006 1469 1063 1535 sed
1085 1469 1185 1535 etiam
1205 1470 1309 1534 mina·

131 1562 201 1622 tur:
237 1554 407 1642 Sogdiani,
430 1556 557 1639 Dahae,
578 1555 797 1643 Massagetae,
821 1555 935 1641 Sacae,
956 1557 1030 1624 Indi
1052 1559 1103 1623 sui
1125 1559 1206 1623 iuris
1225 1562 1309 1622 sunt.

131 1645 255 1712 Omnes
282 1645 330 1729 hi,
364 1646 461 1710 simul
487 1649 582 1732 terga
608 1648 721 1711 nostra
747 1647 905 1732 viderint,
933 1647 1011 1712 illes
1039 1651 1226 1732 sequentur:
1258 1647 1309 1711 illi
1328 1664 1361 1714 10

130 1735 220 1800 enim
244 1735 385 1800 eiusdem
407 1735 552 1800 nationis
572 1741 664 1819 sunt,
686 1756 747 1800 noe
769 1735 973 1821 alienigenae
997 1739 1030 1801 et
1052 1736 1186 1801 externi.
1234 1732 1308 1800 Suis

128 1826 265 1909 pedeque
299 1827 408 1888 autem
440 1820 598 1906 placidius
629 1828 737 1908 paret,
774 1824 873 1890 etiam
909 1845 984 1889 eum
1014 1824 1043 1889 ie
1075 1827 1218 1908 praeest,
1254 1823 1309 1906 qni

132 1915 239 1997 magis
266 1912 373 1977 timeri
400 1915 519 1997 potest
569 1911 708 1976 Proinde
736 1917 806 1993 aut,
834 1933 915 1997 quae
943 1912 1100 1996 cepimus,
1128 1911 1308 1977 omittenda
1328 1923 1359 1972 11

131 2006 209 2066 sunt
231 2006 301 2085 aut,
325 2023 406 2085 quae
428 2021 495 2066 non
516 1998 689 2084 habemus,
711 2001 906 2086 occupanda.
947 1999 1038 2066 Siout
1059 2001 1096 2066 in
1118 2001 1307 2084 corporibus

128 2090 254 2176 aegris,
280 2089 416 2174 milites,
443 2089 527 2154 nihil
554 2089 641 2175 quod
666 2089 852 2156 nociturum
880 2093 930 2156 est
961 2089 1078 2156 medici
1110 2089 1308 2174 relmqunnt,

131 2179 180 2244 sie
212 2200 284 2262 nos,
322 2178 475 2263 quidquid
507 2179 618 2243 obstat
645 2179 797 2264 imperio,
827 2179 1017 2244 recidamus.
1070 2178 1178 2243 Parva
1211 2199 1307 2262 saepe

131 2267 276 2332 scintilla
298 2270 486 2352 contempte
508 2286 662 2352 magnum
686 2268 839 2334 excitavit
861 2267 1053 2334 incendium.
1098 2265 1156 2332 Nil
1177 2269 1250 2332 tuto
1272 2267 1308 2332 in

132 2477 222 2545 Regel
236 2477 289 2531 den
303 2474 407 2533 Plural.
437 2476 692 2544 8131111411.-
746 2480 832 2534 aiem.
872 2476 929 2533 Per
946 2478 1097 2534 atentiam
1115 2477 1237 2545 olieujres
1256 2477 1308 2532 hat

133 2548 425 2603 intentatorum
444 2548 523 2619 Folg.
546 2550 693 2618 permulcet
746 2549 846 2604 lustin.
869 2580 905 2590 —
928 2550 1035 2618 aanor
1057 2549 1128 2616 dies,
1158 2548 1235 2602 ‘nur
1261 2547 1307 2602 ein

131 2617 252 2673 markirt
286 2619 398 2674 mnfaeh
437 2620 491 2675 den
527 2620 692 2689 Zeitprmht3
746 2621 877 2690 tangerer
908 2619 1075 2676 Zeitraum'.
1127 2619 1185 2674 diae
1216 2620 1307 2688 bopo,

129 2689 305 2745 natdrlieher
332 2696 408 2746 ware
436 2691 481 2745 die
510 2690 692 2761 Oonjuulrtiv-
746 2691 835 2746 treve
852 2689 891 2745 im
910 2689 995 2744 Sinna
1013 2690 1199 2760 von-‘lange,
1222 2689 1307 2744 karae

131 2761 329 2817 eonati-aetion.
361 2762 426 2832 Vgl.
441 2761 497 2816 (lie.
513 2780 575 2832 epp
592 2766 634 2816 11.
650 2768 691 2818 14.
745 2760 830 2835 Eriet'
855 2761 965 2816 kommt
988 2761 1084 2831 haudg
1105 2759 1146 2815 im
1164 2759 1308 2815 Onrialstil

132 2833 334 2888 amitteteret
358 2834 510 2903 negotium,
535 2839 569 2888 at
594 2833 693 2888 Asiam
745 2850 773 2888 u.
791 2832 840 2888 bei
856 2830 992 2886 Diohtern
1009 2847 1068 2887 vor.

130 2904 281 2971 obtineam,
313 2905 379 2958 dum
409 2905 533 2972 ipsoram
562 2902 692 2959 mester
780 2910 805 2960 9.
824 2903 988 2960 ιιναάἠιιο.
1015 2901 1145 2958 Disselbe
1157 2901 1244 2957 Form
1257 2901 1308 2956 der

130 2976 232 3030 venat.
261 2997 295 3014 -2
322 2975 486 3046 iugentia,
516 2975 579 3030 hier
605 2990 692 3047 unge·
742 2974 875 3030 tannae
900 2992 923 3029 ι.
940 2973 972 3028 Β.
992 2972 1047 3030 (lie.
1074 2974 1110 3028 de
1133 2973 1199 3028 dnn
1218 2976 1243 3029 1.
1262 2977 1307 3028 46.

132 3045 276 3100 wohnlioh
303 3045 458 3114 gebraueht
484 3061 539 3102 von
561 3047 612 3103 der
634 3063 691 3102 en·
741 3045 799 3101 aur
818 3046 908 3102 Saohe
932 3062 954 3100 s.
975 3050 1001 3102 1.
1021 3050 1063 3100 13.
1084 3050 1127 3100 18.
1146 3072 1179 3084 -
1197 3045 1307 3099 mina·

131 3117 340 3188 gewthnten
364 3116 527 3189 Geeinnnng
553 3118 610 3172 md
632 3117 691 3174 'Ge-
743 3122 808 3174 tur.
836 3115 913 3174 cura.
932 3116 1044 3172 sehrieh
1061 3115 1150 3171 wohlr
1172 3116 1239 3169 iude
1255 3117 1306 3168 mi·

132 3188 250 3258 sittnng.
739 3194 838 3245 eatur.
865 3187 947 3243 Anah
959 3186 1056 3242 Livius
1069 3185 1307 3240 brauohtmieari

169 3266 193 3316 1.
218 3263 307 3314 stato
334 3258 387 3314 wie
403 3265 512 3314 etam
537 3265 643 3329 tenipus
664 3265 691 3316 θ.
744 3259 891 3316 bisereilm
910 3259 983 3313 ohne
1001 3254 1094 3311 Dativ.

132 3337 157 3384 9.
183 3337 229 3397 11;
252 3335 340 3385 statae
360 3331 431 3386 viee
455 3336 646 3400 temporanee.
667 3337 690 3386 1.
782 3337 823 3387 1ο.
847 3331 902 3385 aaa·
922 3329 1027 3394 iuria,
1050 3325 1143 3381 anmal
1165 3327 1238 3381 naeh
1256 3326 1306 3381 des

132 3400 693 3470 ae.-eepeeeaatiaehier:mneeen
745 3398 846 3456 Darius
872 3399 963 3466 Tod03
995 3397 1069 3453 doeh
1100 3397 1174 3452 anah
1198 3397 1307 3453 -vorher

133 3476 240 3528 werten
255 3472 305 3526 aul
320 3472 528 3527 dismanatas
540 3477 612 3526 atero
629 3477 692 3526 teta
744 3471 845 3527 hatten
861 3470 904 3526 aie
920 3486 975 3524 nar
992 3468 1022 3524 in
1035 3471 1127 3523 einem
1144 3469 1210 3524 sehr
1227 3469 1305 3525 lesen

128 3560 203 3612 pore.
237 3544 279 3597 Im
297 3543 457 3612 Folgenden
475 3542 548 3612 liegt
564 3542 614 3597 der
632 3542 692 3598 uon
745 3539 1231 3613 Abhangigheitsverhaltnisseanm
1241 3539 1306 3595 Per·

134 3616 184 3669 auf
200 3617 268 3684 lega,
289 3614 339 3667 das
354 3613 413 3667 den
430 3612 587 3683 Gegematn
602 3612 693 3669 bildet
741 3612 868 3669 semelen
885 3611 1047 3682 gastandan.
1066 3640 1101 3652 -
1119 3613 1232 3667 timeri
1245 3627 1306 3681 po·

129 3702 167 3739 nu
198 3685 384 3739 krankhafter
415 3683 483 3738 oder
518 3680 693 3740 kunstlieher
745 3689 815 3740 teet.
856 3683 924 3738 Man
951 3685 1082 3739 erwartet
1113 3700 1191 3754 quem
1217 3684 1306 3806 mppria

134 3757 289 3810 Frnhreife.
745 3756 836 3810 timeri
863 3759 967 3823 oportet
993 3755 1061 3809 eder
1082 3771 1141 3823 por
1167 3759 1212 3810 eet.
1278 3769 1305 3807 re

170 3831 195 3884 8.
218 3828 290 3882 saie
312 3824 473 3892 moribus,
496 3825 558 3882 hier
581 3826 693 3882 seriel
745 3825 831 3881 Wahl
858 3825 908 3879 des
931 3823 1144 3879 Helnvarbume
1169 3826 1208 3880 ist
1230 3823 1306 3879 wohl

132 3898 188 3953 als:
210 3898 309 3952 ‘durch
327 3898 388 3952 ihre
407 3897 594 4022 Gesiunmss'3
613 3898 693 3954 hlex.
745 3896 902 3952 veranlaset
918 3894 1008 3948 dnroh
1025 3894 1071 3949 die
1089 3895 1136 3949 bei
1152 3896 1201 3950 der
1217 3894 1255 3948 all
1293 3924 1305 3935 ·

133 3969 222 4024 denkt
245 3968 329 4024 dabei
351 3984 388 4024 an
409 3968 528 4040 etwalge
573 3969 693 4025 salsber-
746 3967 857 4022 melnen
871 3964 1237 4043 Senmzroreohwebende
1292 3995 1303 4006 ·

134 4041 194 4096 hait
210 4042 257 4095 fur
275 4041 421 4095 erfehrene
440 4039 607 4095 Groeemuth
626 4040 693 4095 oder
745 4039 866 4109 riehuug
879 4036 930 4092 anf
940 4037 995 4091 den
1005 4034 1166 4106 nnehloeen,
1176 4035 1304 4090 hartech-

132 4112 341 4182 Hoehaehtung
370 4128 423 4167 vor
454 4111 504 4165 der
533 4111 692 4167 macedoni·
747 4110 895 4180 sdehtigen
911 4107 1022 4163 Bessus.

126 4184 218 4238 :sehon
241 4182 400 4238 011111-
421 4183 458 4237 a’n
479 4182 634 4237 absentio
656 4198 692 4238 ee.
783 4187 825 4236 11.
840 4196 951 4251 porea
968 4194 1067 4248 saepe
1080 4179 1133 4234 ete.
1156 4176 1306 4247 Vgldllor.

129 4261 265 4322 nostra,
287 4254 436 4309 ineoueinn
458 4252 517 4307 und
534 4252 693 4323 api-aohlieh
746 4259 771 4309 3.
800 4260 826 4309 5.
852 4259 885 4308 14
917 4252 1039 4308 catiano
1062 4265 1165 4319 porum
1190 4249 1305 4318 fideliter

133 4326 287 4381 auffallend
308 4324 353 4379 fiir
374 4324 539 4380 adamatae.
575 4323 638 4395 Vgl
660 4325 694 4379 ιἰι
745 4325 876 4379 incendia
915 4324 1018 4378 miore
1058 4323 1169 4392 flammo
1207 4321 1306 4378 roviol-

130 4399 225 4453 delore
247 4401 346 4466 vestro,
368 4397 404 4451 ιἰι
428 4396 616 4466 &rocameltim
639 4411 693 4452 om·
745 4400 836 4453 omae.
1352 4376 1381 4511 -Ι
