2790 4792
355 215 608 272 HISTORIARUM
625 214 842 294 Annnnnonr
860 215 921 288 VII,
940 223 966 272 9.
986 223 1028 272 10.
1235 217 1279 282 97

99 381 132 445 ei
159 381 270 464 lepore
297 379 384 443 haud
413 400 490 443 sane
518 377 604 444 virili
631 400 690 462 par
721 399 788 444 non
816 384 896 464 erat..
939 375 1014 462 Ipse
1044 375 1179 445 (tratero
1208 403 1280 446 eum
1300 402 1335 453 ιο

102 469 227 534 maiore
250 472 344 552 parte
366 468 524 532 exereitus
542 467 679 533 modieis
701 467 872 532 itineribus
891 468 982 551 sequi
1005 467 1094 532 iusso
1115 467 1155 532 ad
1172 467 1281 534 Mara-

103 557 207 622 canda
233 557 347 621 urbem
375 557 538 640 contendit,
569 577 608 620 ex
637 578 700 640 qua
724 554 927 640 Spitamenes
951 560 1105 639 conperto
1130 557 1198 622 eius
1227 559 1282 622 ad·

102 650 202 712 ventu
220 645 340 711 Baetra
358 645 555 730 perfugerat.
591 644 706 729 Itaque
729 645 906 730 quadriduo
926 667 983 709 rex
1003 645 1139 730 longum
1156 646 1282 712 itineris
1301 669 1336 717 ιι

103 736 246 819 spatium
271 756 420 799 emensus
442 736 633 818 pervenerat
656 734 691 798 in
710 756 783 799 eum
805 734 928 818 losum,
951 735 987 798 in
1010 755 1073 818 quo
1092 734 1283 800 Menedemo

104 825 184 889 duee
209 823 271 888 duo
295 823 388 888 milia
409 823 554 907 peditum
573 824 607 886 et
630 838 694 888 ccc
717 823 842 907 equites
866 823 1027 888 amiserat.
1063 821 1190 888 Horum
1209 845 1284 889 ossa

103 913 230 977 tumulo
254 912 385 996 contegi
406 911 504 976 iussit
526 915 559 976 et
581 910 715 976 inferias
738 933 828 975 more
851 913 958 996 patrio
982 911 1079 977 dedit.
1115 911 1186 977 Iam
1206 911 1282 978 (lra-
1300 935 1335 983 22

102 1006 195 1066 terue
214 1022 287 1065 eum
306 1000 468 1085 phalange
490 999 643 1084 subsequi
665 1000 772 1065 iussus
793 1000 833 1064 ad
852 1021 962 1086 regem
985 1005 1186 1086 pervenerat.
1217 1001 1284 1066 lte·

105 1112 168 1174 que
190 1093 228 1153 ut
247 1110 372 1172 omnes,
396 1089 450 1173 qui
473 1088 670 1167 defeeerant,
693 1089 817 1172 pariter
840 1089 920 1154 belli
939 1090 1030 1155 elade
1052 1093 1284 1176 premerentur,

106 1178 217 1261 copias
242 1178 357 1243 dividit
378 1177 494 1262 urique
517 1195 614 1262 agros
638 1181 672 1242 et
695 1177 833 1243 interfici
859 1179 998 1263 puberes
1021 1179 1122 1245 iubet.

623 1334 704 1403 One.
727 1336 767 1401 X.

59 1446 95 1511 39
198 1441 361 1528 Sogdiana
387 1442 479 1526 regio
507 1443 630 1507 maiore
658 1446 816 1527 exparte
844 1443 973 1509 deserta
1003 1446 1064 1508 est:
1096 1445 1284 1530 octingenta
1306 1466 1320 1513 1

107 1533 175 1597 fere
204 1532 310 1596 stadia
342 1532 377 1595 in
403 1531 611 1596 latitudinem
639 1534 750 1597 vastae
773 1531 966 1597 solitudines
992 1535 1116 1597 tenent.
1161 1533 1322 1617 Ingensr

108 1620 253 1705 spatium
275 1624 384 1686 reatae
407 1620 550 1705 regionis
574 1623 636 1705 est,
659 1641 718 1704 per
740 1641 837 1705 quam
861 1622 965 1685 amnis
989 1619 1284 1705 -Polytimetum

107 1712 226 1774 vocant
252 1709 378 1774 incolae
408 1744 447 1756 -
479 1708 588 1773 fertur.
639 1707 831 1773 Torrentem
860 1730 933 1774 eum
964 1709 1056 1793 ripae
1087 1710 1122 1773 in
1153 1713 1285 1775 tenuem

109 1799 238 1863 alveum
266 1801 399 1882 cogunt,
427 1797 541 1862 deinde
569 1818 707 1862 eaverna
735 1797 855 1881 accipit
885 1801 919 1862 et
946 1798 1006 1862 sub
1038 1800 1159 1862 terram
1187 1799 1284 1882 rapit.

107 1885 229 1951 Cursus
266 1885 449 1950 obsoonditi
480 1885 633 1951 indicium
666 1889 715 1951 est
752 1908 854 1971 aquae
888 1887 1028 1951 meantis
1062 1907 1173 1972 sonus,
1210 1908 1318 1957 euma

106 1975 218 2058 ipsum
242 1975 360 2058 solum,
388 1974 448 2039 sub
473 1995 536 2058 quo
560 1978 671 2039 tantus
696 1975 801 2039 amnis
825 1975 910 2060 fluit,
938 1998 979 2040 ne
1002 1973 1129 2040 modieo
1154 1975 1283 2059 quidem

106 2062 239 2126 resudet
261 2063 405 2128 humore.
442 2062 493 2128 Ex
516 2062 654 2147 captivis
674 2061 913 2148 Sogdianorum
936 2064 977 2129 ad
1000 2084 1111 2148 regern
1131 2081 1205 2129 xxx
1227 2086 1284 2129 ιιο·
1302 2086 1321 2134 4

107 2150 263 2216 bilissimi
291 2173 462 2236 corporum
489 2152 606 2216 robore
635 2152 752 2217 eximio
780 2153 927 2237 perducti
950 2157 1056 2218 erant:
1088 2154 1142 2238 qui
1165 2163 1200 2218 ut
1227 2174 1286 2237 per

107 2236 318 2323 interpretem
337 2244 560 2325 cognoverrmt
582 2241 673 2306 iussu
691 2241 778 2326 regis
801 2242 889 2325 ipsos
909 2242 949 2307 ad
969 2242 1165 2326 supplicium
1188 2242 1286 2327 trahi,

108 2351 240 2393 carmen
263 2328 457 2393 laetantium
480 2328 575 2394 modo
600 2350 714 2396 canere
736 2330 952 2415 tripudiisque
976 2335 1009 2396 et
1026 2331 1192 2396 lasciviori
1215 2352 1283 2395 eor-

107 2418 197 2500 poris
220 2422 312 2482 motu
335 2417 490 2503 gandium
512 2418 674 2502 quoddam
697 2419 799 2483 animi
818 2423 981 2485 ostentare
1000 2424 1184 2502 coeperunt.
1219 2419 1283 2484 Ad·
1303 2439 1319 2489 5

107 2507 246 2570 miratus
271 2508 347 2587 [est]
371 2528 441 2586 rex,
469 2509 563 2570 tanta
586 2507 811 2593 magnitudine
839 2508 940 2572 animi
963 2511 1115 2592 oppetere
1141 2511 1280 2572 mortem

107 2734 215 2789 Wuehs
234 2734 291 2788 und
309 2734 517 2803 imponirender
534 2732 670 2788 Aeusser-
948 2733 1010 2790 Car.
1030 2734 1063 2788 X.

107 2804 228 2860 liohkeit
251 2810 380 2894 ¹·„3'.¹²·
401 2810 442 2859 16.
464 2835 495 2844 —
517 2820 583 2888 por
604 2820 671 2860 nou
762 2829 786 2878 1,
810 2823 851 2878 30
879 2823 986 2878 diana
1012 2825 1111 2895 rem
1154 2823 1219 2893 γει,
1242 2823 1288 2878 (ΗΘ
1392 2816 1394 2821 “

108 2881 189 2930 erat.
217 2875 408 2957 Naturheher:
424 2876 459 2930 ab
473 2890 503 2930 eo
519 2875 669 2944 defferebot.
724 2839 934 2965 Besohreigung
952 2893 999 2949 bei
1017 2894 1079 2952 Am
1098 2902 1123 2952 4¹
1143 2902 1168 2952 5·
1188 2901 1267 2950 5³1„

108 2948 136 3001 S·
156 2947 212 3001 <10²¹
229 2946 294 3000 Μ
314 2947 443 3016 Anhang·
761 2970 906 3020 tractae
919 2965 1127 3034 rapientem
1141 2966 1289 3037 gerader

144 3035 673 3103 20.odMoraoouda,naohArrian
726 3035 915 3105 Riohtung‚
953 3036 1012 3090 der
1047 3037 1165 3108 Irenge
1201 3038 1288 3092 nach

108 3107 138 3160 in
157 3106 245 3176 Folge
264 3107 314 3160 der
329 3105 487 3161 Naohrieht
504 3124 559 3163 von
578 3106 628 3162 der
647 3113 670 3162 ⁵1.
728 3108 795 3175 (ron
803 3107 920 3161 Westen
933 3107 1007 3161 nach
1023 3107 1133 3178 Oeten),
1148 3109 1201 3163 wie
1215 3114 1291 3163 reeta

108 3183 217 3232 31-39
233 3176 409 3232 beriohteten
422 3178 611 3250 Bedrtngniss
625 3178 673 3233 des
727 3178 835 3247 regione
854 3183 879 3232 7.
899 3184 928 3244 4;
948 3181 973 3232 8.
993 3183 1017 3232 9.
1037 3183 1061 3232 2.
1098 3180 1143 3232 An
1159 3179 1290 3234 letrterer

108 3244 297 3303 Menedemds.
326 3279 359 3287 -
387 3247 546 3304 Baetra.
592 3249 675 3304 Naeh
728 3247 1006 3302 Stellebildetreeto
1019 3249 1093 3318 septo
1107 3249 1153 3316 (=
1162 3249 1290 3319 Ltngen·

107 3319 211 3373 Arrian
241 3319 346 3373 entlloh
370 3318 547 3387 Spitamenes
576 3317 616 3382 εἰς
638 3315 673 3373 τὰ
726 3317 871 3387 riehtung)
891 3317 974 3372 einen
992 3317 1147 3389 Gegensatz
1169 3338 1203 3374 nn
1228 3322 1290 3376 lott-

109 3391 239 3463 βασίλεια
266 3391 317 3459 τῆς
344 3390 507 3458 Σογδιανῆς
533 3390 592 3444 und
618 3406 674 3444 von
727 3390 806 3455 tudo,
832 3388 913 3442 nieht
931 3404 961 3444 so
979 3388 1050 3444 hier.
1087 3389 1148 3445 Auf
1162 3391 1208 3447 die
1228 3409 1290 3446 ans-

109 3462 146 3515 da
160 3461 233 3515 naeh
247 3461 297 3515 der
311 3461 399 3529 seyth.
415 3461 523 3515 Wflste.
554 3458 674 3514 Alexan·
727 3459 867 3529 gedehnte
892 3458 996 3531 Steppe
1018 3459 1057 3515 im
1081 3461 1198 3518 Westen
1221 3463 1290 3535 Sog-

109 3532 174 3599 der,
192 3531 288 3586 indem
307 3548 337 3585 er
355 3531 406 3585 ilrn
424 3530 510 3586 dahin
526 3530 673 3600 verfolgte
728 3530 835 3585 diana's
876 3531 966 3600 folgte
1007 3532 1056 3587 der
1096 3534 1289 3605 langgezogne

108 3602 230 3673 passirte
245 3602 328 3657 dabei
345 3602 394 3656 das
410 3602 611 3668 Schlaohtfeld,
626 3600 677 3656 anf
727 3602 890 3656 fruehtbare
900 3600 1021 3658 Streifen
1032 3621 1066 3658 au
1079 3604 1183 3659 beiden
1194 3607 1289 3662 Seiten

108 3674 175 3728 dem
190 3673 371 3727 Menedemus
388 3672 433 3728 die
448 3673 591 3728 erwthnte
604 3672 674 3728 Nie-
728 3672 777 3727 des
796 3673 916 3728 Flesses.
935 3703 968 3714 —
986 3675 1132 3743 incolae,
1150 3677 1176 3731 d.
1195 3676 1223 3732 h.
1243 3677 1289 3731 die

108 3744 227 3814 derlage
251 3743 366 3798 erlitten
388 3744 476 3799 hatte.
517 3743 673 3800 Jedenfalls
728 3745 858 3813 sptteren
875 3743 1289 3816 griechisoh·maoedonisehen

108 3815 188 3869 kann
220 3815 270 3869 das
301 3814 363 3869 hier
395 3814 538 3870 erw'ahnte
570 3814 674 3871 Baetra
727 3813 875 3869 Ansiedler
902 3816 932 3869 in
955 3815 1042 3886 J'enen
1068 3816 1228 3886 Gegenden.
1254 3851 1287 3860 -

107 3887 191 3940 nieht
213 3885 354 3940 identisoh
378 3886 437 3941 sein
454 3886 508 3940 mit
526 3887 576 3941 der
593 3891 619 3943 4.
639 3892 671 3940 31
727 3886 785 3939 sue
818 3890 943 3941 terram
974 3888 1068 3957 repit
1097 3913 1132 3933 ==
1163 3886 1204 3950 εἰς
1238 3889 1290 3958 τὴν

108 3976 136 4010 ιι.
161 3973 213 4010 aw.
237 3955 399 4011 erw‘ahnten
422 3957 596 4026 Hauptstadt
617 3974 674 4013 von
726 3951 846 4025 ψάμμον
869 3952 1040 4025 ἀφανίζεται
1062 3957 1109 4012 bei
1134 3957 1196 4013 Anr.
1233 3959 1291 4014 Der

109 4027 269 4083 Bactriana.
285 4027 675 4083 Vielleiohtistl'ribaetra
728 4027 915 4096 Polytimetus
934 4030 979 4097 (=
998 4028 1110 4082 Kottlr
1129 4029 1198 4084 oder
1215 4029 1291 4085 Ser·

109 4118 145 4153 zu
162 4099 257 4165 lesen3
282 4097 452 4169 wenigstene
476 4099 564 4153 nennt
581 4097 675 4154 Ptole·
729 4099 887 4166 ossetotu)
904 4099 957 4153 hat
975 4099 1188 4169 vemehiedene,
1207 4100 1290 4156 niern-

109 4175 192 4224 m'aus
211 4168 273 4223 eine
293 4168 374 4224 Stadt
393 4170 482 4224 dieses
500 4169 624 4224 Nemone
644 4169 675 4223 in
727 4169 787 4224 lich
800 4170 936 4240 parallele
946 4171 1045 4239 Arme,
1060 4187 1116 4225 von
1128 4171 1220 4226 denen
1232 4173 1290 4226 ein-

108 4242 160 4295 der
167 4240 250 4294 N‘ahe
260 4240 309 4294 des
316 4239 675 4307 Aral-See's.—tnserios
728 4241 805 4295 zelne
819 4242 880 4295 sich
897 4239 937 4295 im
952 4241 1029 4296 Sand
1041 4242 1194 4310 verlaufen,
1214 4243 1291 4299 einer

110 4313 206 4366 dedit
228 4311 281 4365 wie
307 4317 347 4367 10.
373 4317 396 4367 1.
421 4317 469 4377 ³⁰3
493 4311 543 4366 Ov.
565 4311 629 4366 fast.
649 4316 673 4366 t.
728 4311 790 4366 sioh
810 4311 840 4367 in
861 4311 915 4366 den
938 4313 992 4368 See
1014 4313 1150 4368 Karabul
1170 4313 1309 4381 erg'xeest.

109 4389 178 4450 4223
199 4381 273 4436 Suet.
294 4381 352 4437 (tal.
373 4389 388 4437 3
408 4400 434 4437 u.
455 4387 479 4440 δ.
764 4388 791 4439 4.
810 4400 849 4439 ea
871 4385 1026 4456 eopttote
1044 4386 1104 4440 ete.
1145 4379 1325 4450 resemble-

166 4482 260 4531 Voenn,
275 4480 298 4528 Q.
315 4480 412 4522 Curtius,
426 4481 458 4523 Ε
1088 4479 1107 4528 ’ἶ
