2790 4792
149 225 216 289 222
606 224 637 290 Q.
658 223 768 280 cunm
785 223 874 280 RUFI

150 389 210 453 sub
238 388 384 473 regibus,
413 388 498 452 inter
526 388 603 453 deos
628 388 752 472 colunt,
781 388 849 452 sive
871 386 1004 471 propria
1027 386 1130 470 ipsius
1152 388 1333 470 veneratio,

114 488 131 536 4
150 477 219 542 sive
245 476 364 541 fiducia
389 480 484 541 tanta
507 477 540 541 vi
564 477 741 541 exercentis
768 475 942 560 imperium
965 474 1143 539 conterruit
1166 497 1236 540 eos:
1266 476 1332 540 sin·

150 565 264 650 gulare
288 569 374 629 certe
398 565 567 630 ediderunt
590 565 769 648 patientiae
792 564 977 647 exemplum
1001 563 1145 648 adeoque
1168 585 1236 629 non
1256 568 1334 629 sunt

150 653 276 719 accensi
304 653 463 738 supplicio
492 653 765 738 commilitonum,
793 674 866 718 cum
894 653 954 717 sub
982 655 1113 718 noctem
1138 652 1332 718 interfectos

150 764 221 807 esse
244 746 452 828 cognossent,
475 745 513 806 ut
535 742 618 806 nihil
643 741 827 826 omiserint,
851 741 936 825 quod
960 741 1080 826 singuli
1103 742 1210 828 magis
1235 741 1332 807 oboe

114 831 276 895 odienter
300 835 333 896 et
355 831 408 914 pie
432 832 584 895 facerent.
615 829 702 896 Nam
727 852 800 895 cum
826 834 957 914 postero
982 829 1034 894 die
1057 829 1219 914 prohibiti
1240 828 1332 904 aditu

149 920 237 1005 regis
261 922 369 984 essent
387 919 542 984 Asiaticis
565 919 662 985 modo
685 919 848 984 militibus
868 918 1031 1002 admissis,
1054 918 1229 1002 lugubrem
1248 918 1332 982 totis

151 1008 268 1073 castris
287 1007 415 1072 edidere
433 1007 616 1091 clamorem,
636 1008 866 1073 denuntiantes
885 1006 1035 1091 protinus
1055 1028 1125 1071 esse
1143 1006 1334 1091 morituros,

116 1109 131 1157 6
151 1096 180 1162 si
202 1118 259 1161 rex
281 1100 503 1180 perseveraret
530 1097 636 1162 irasci.
681 1098 729 1161 At
751 1097 807 1160 ille
830 1096 1008 1180 pervicacis
1032 1095 1073 1159 ad
1096 1096 1219 1177 omnia,
1248 1093 1383 1179 (1111112

151 1188 753 1339 iiili⁵⁵ibeiiiiiapilissimiiii
780 1186 934 1338 tlibi.
962 1183 1333 1356 abablium

117 1362 308 1444 tcoissent,
340 1361 486 1427 adhibito
519 1363 695 1446 interprete
728 1363 829 1427 talem
861 1363 1041 1427 orationem
1068 1361 1198 1425 habuit:
1237 1359 1332 1425 ‘Cum

152 1472 191 1516 ex
217 1449 352 1534 Europa
378 1451 549 1515 traicerem
581 1451 616 1515 in
642 1451 770 1535 Asiam,
799 1452 918 1515 multas
946 1450 1074 1514 nobiles
1107 1453 1235 1534 gentes,
1265 1469 1334 1512 ma-

152 1558 252 1623 gnam
270 1537 336 1602 vim
355 1538 523 1604 hominum
540 1539 678 1623 imperio
698 1560 771 1605 meo
786 1561 838 1604 me
857 1539 1042 1604 additurum
1060 1559 1130 1603 esse
1150 1537 1334 1621 sperabam.

116 1626 221 1692 8Nec
248 1627 399 1710 deceptus
429 1650 513 1711 sum,
548 1629 632 1712 quod
661 1628 700 1692 de
727 1627 779 1692 his
807 1627 927 1694 credidi
954 1627 1069 1692 famae.
1116 1625 1178 1692 Sed
1207 1625 1250 1692 ad
1277 1625 1335 1688 illa

151 1714 215 1780 hoc
247 1736 374 1800 quoque
407 1715 556 1799 accessit,
590 1716 675 1801 quod
707 1717 802 1781 video
830 1715 932 1781 fortes
961 1715 1047 1780 viros
1076 1720 1105 1780 et
1131 1734 1210 1799 erga
1239 1734 1334 1798 reges

117 1817 229 1869 esuos
252 1803 384 1888 pietatis
409 1805 558 1870 inuictae.
595 1803 688 1869 Luxu
712 1806 823 1870 omnia
846 1805 944 1869 fluere
963 1803 1160 1869 credideram
1180 1805 1213 1866 et
1231 1802 1335 1868 nimia

152 1891 311 1958 felicitate
343 1893 448 1979 mergi
482 1894 516 1958 in
544 1894 739 1978 voluptates.
789 1894 835 1958 Aa
866 1893 1012 1958 hercules
1049 1891 1161 1957 munia
1194 1891 1335 1956 militiae

152 1981 214 2046 hoc
238 1981 421 2047 animorum
444 2002 679 2066 corporumque
701 1984 817 2047 robore
841 1983 942 2066 aeque
962 1981 1103 2066 impigre
1121 1980 1273 2045 toleretis
1292 1982 1335 2062 et,

153 2091 225 2135 cum
248 2070 351 2135 fortes
377 2069 438 2134 viri
462 2070 549 2152 sitis,
571 2092 637 2135 non
659 2070 887 2136 fortitudinem
910 2070 1016 2155 magis
1039 2091 1137 2154 quarn
1159 2067 1260 2133 fidem
1284 2089 1335 2134 co·

152 2261 716 2332 1811111914.-111111111111111
770 2267 795 2316 et
817 2262 1022 2316 multitudinem
1044 2276 1144 2316 comm.
1166 2290 1199 2298 -
1224 2274 1334 2314 acces·

152 2331 343 2401 augedrdckt
355 2331 374 2385 1.
386 2333 454 2400 pari
470 2337 550 2402 atque
563 2333 626 2387 deos
641 2349 716 2388 cene·
770 2334 823 2387 sit.
861 2332 919 2386 Das
937 2331 1022 2401 pert,
1045 2331 1169 2386 insofern
1187 2329 1268 2385 Alex.
1288 2329 1334 2384 die

152 2404 267 2457 ratione·
295 2403 332 2456 Es
347 2402 417 2456 lisst
432 2402 491 2457 sich
506 2403 551 2458 die
562 2403 715 2458 0111111111-
769 2402 922 2472 folgenden
936 2402 1090 2472 Tugenden
1108 2403 1165 2455 erst
1183 2400 1335 2470 allm'ahlig

152 2473 214 2527 tion
239 2472 346 2542 fdglich
371 2471 413 2527 als
438 2490 560 2544 compar.
586 2491 715 2544 compen·
770 2473 890 2528 erkannt
903 2492 930 2527 u.
948 2474 1063 2542 erprobt
1080 2473 1168 2527 hatte.
1183 2503 1219 2511 —
1237 2473 1335 2527 uideo

153 2543 243 2598 diaria
267 2547 344 2614 (1.3.
366 2550 389 2598 1.
409 2547 437 2614 4)
460 2545 554 2599 fassen
577 2546 621 2598 ffir
643 2547 716 2600 inter
769 2546 875 2610 fortes
890 2570 924 2590 =
940 2541 1050 2613 ἔγνωκα
1069 2538 1220 2612 ἀνδρείους
1240 2539 1334 2604 ὄντας.

153 2616 264 2670 deorum
292 2617 412 2669 nomina.
442 2647 475 2654 —
504 2617 653 2684 propria
680 2642 714 2661 ==
769 2615 832 2686 Vgl.
852 2615 925 2670 Vell.
945 2621 968 2669 1.
990 2621 1022 2668 11
1042 2615 1113 2669 cidit
1129 2615 1203 2681 lilios
1222 2615 1336 2668 adultam

153 2686 542 2812 :ribillddldgseliseldirllrblis
560 2687 624 2813 {gli
634 2687 716 2812 milk
771 2687 870 2811 ididlrll
884 2681 1255 2825 cblvridlrgrllserlleiitutelllalsiire
1265 2685 1335 2824 ἵζει

190 2833 215 2880 4.
242 2833 336 2882 certe.
375 2827 401 2882 S.
419 2827 464 2882 die
478 2830 559 2885 Anm.
579 2847 613 2882 zu
632 2833 656 2883 8.
674 2834 715 2884 10.
770 2829 828 2882 reia
846 2827 904 2881 und
922 2827 995 2881 oben
1013 2832 1038 2881 9.
1058 2832 1083 2880 3.
1103 2831 1137 2880 22
1160 2827 1274 2895 reliquit
1293 2841 1336 2881 eos

153 2898 473 2952 31-1111111111.
515 2900 596 2953 Auch
621 2899 716 2954 Livius
770 2899 896 2965 firmatae
919 2899 1033 2967 pratiae.
1058 2898 1335 2965 -inaictae,=-

154 2969 217 3036 sagt
239 2969 389 3036 exemplum
411 2970 486 3023 edere
508 2970 565 3022 und
587 2971 716 3038 modern
770 2968 1335 3036 unbeirrbar,unerschiitterlich,

153 3040 220 3093 dare
242 3040 393 3107 eaempium
416 3039 466 3092 hat
490 3039 563 3094 wohl
587 3043 644 3094 erst
662 3041 715 3094 Ta·
770 3040 926 3095 istbetont.
949 3039 1274 3108 BeideEigenschaftcn,
1290 3039 1335 3093 die

154 3110 234 3165 citus.
273 3109 299 3163 S.
319 3109 392 3183 pben
406 3114 430 3164 8.
448 3115 472 3164 5.
490 3115 522 3163 12
541 3127 582 3166 ea.
598 3112 717 3179 proden-
771 3108 979 3179 Tapferkeit
991 3110 1049 3163 und
1063 3109 1108 3164 die
1125 3110 1248 3177 Treue,
1266 3126 1335 3165 1111-

153 3182 271 3237 ‹tum-
285 3181 371 3250 quad
388 3181 520 3250 singuli
537 3199 571 3235 m.
586 3196 609 3235 o.
629 3182 716 3249 face·
771 3183 825 3234 dcn
848 3182 921 3235 auch
943 3182 1031 3234 unten
1053 3186 1069 3246 ξ
1090 3186 1106 3234 9
1130 3182 1264 3251 gotranni
1285 3181 1335 3236 be-

153 3258 236 3307 rent.
270 3252 325 3307 Der
338 3252 486 3306 Ausdruclr
502 3252 541 3306 ist
553 3252 633 3307 nicht
646 3270 717 3322 ganz
771 3252 915 3322 sprochen.

153 3323 270 3393 logisch.
309 3323 389 3376 Sinn:
405 3323 486 3392 jeder
500 3321 631 3378 Einzelnc
650 3323 717 3378 liess
808 3328 832 3378 9.
861 3323 985 3390 fluere,
1011 3337 1042 3375 so
1063 3321 1135 3375 auch
1158 3321 1205 3376 bei
1230 3322 1334 3378 Livius.

153 3393 234 3447 nicht
257 3394 307 3446 das
330 3393 478 3464 Geringste
502 3410 538 3448 an
562 3393 717 3449 Gehorsam
771 3393 868 3448 Cicero
887 3395 963 3462 sagt:
984 3393 1053 3458 otio,
1072 3394 1189 3447 lunaria
1206 3393 1335 3461 diffluere

153 3465 211 3518 und
234 3464 403 3534 Hingebung
430 3464 591 3520 vermisseu.
633 3465 716 3535 Folg·
771 3480 826 3518 von
841 3465 990 3518 Personen.
1018 3463 1173 3532 Uebrigens
1188 3462 1227 3517 ist
1241 3465 1335 3519 onmia

153 3534 211 3588 lich
235 3536 339 3589 mdeste
363 3535 413 3590 der
430 3534 587 3605 Hauptsatz
608 3536 715 3605 eigent-
770 3535 832 3588 hier
865 3552 917 3589 nur
943 3534 1159 3588 unbestimmter
1185 3535 1334 3590 Ausdruclr

153 3605 629 3676 1111111111111111111111111111111
643 3611 717 3673 esset,
771 3604 815 3659 fir
833 3621 930 3660 omnes.
951 3637 983 3645 —
1003 3606 1062 3659 boc
1080 3623 1105 3661 a.
1125 3620 1147 3658 c.
1166 3605 1286 3661 robore
1300 3631 1334 3652 ==

171 3676 403 3742 nodsacerent.
433 3677 718 3748 Zuvergleichenist
770 3676 826 3731 bei
849 3692 947 3731 eurer
971 3675 1201 3745 Tdchtigkeit
1220 3678 1273 3732 etc.
1302 3707 1333 3716 -

154 3694 233 3802 dees.
258 3749 331 3816 bg.
352 3752 375 3800 7.
397 3753 474 3803 118
501 3750 650 3817 perpaucis
673 3749 717 3803 de·
771 3763 872 3816 aeque
903 3748 1047 3816 impigre
1079 3747 1247 3804 toleratis.
1291 3748 1335 3802 Da

153 3819 285 3873 sideratis
307 3821 353 3884 (=
373 3835 434 3873 cum
456 3834 513 3872 non
536 3820 651 3874 multum
670 3819 717 3874 ab·
771 3833 853 3887 aeque
877 3817 938 3872 sich
960 3818 1041 3872 nicht
1062 3816 1138 3871 wohl
1163 3818 1213 3872 111
1230 3819 1334 3873 animo·

154 3894 246 3957 esset),
264 3891 333 3959 quin
351 3890 444 3944 cuncti
462 3895 631 3958 caperentur.
771 3905 833 3943 rma
861 3903 1055 3958 corporumque
1085 3887 1221 3943 beziehen
1249 3889 1334 3957 kann,

190 3967 215 4015 5.
231 3961 405 4029 prohibiti
423 3962 527 4016 adita.
557 3962 611 4015 Zur
626 3962 717 4016 Sache
771 3959 873 4014 ebenso
893 3958 986 4029 wenig
1005 3959 1056 4014 anf
1072 3959 1117 4013 ein
1135 3965 1334 4029 1111811111-

154 4031 211 4102 vgl.
230 4034 291 4085 Arr.
312 4039 335 4087 t.
358 4039 399 4086 11.
437 4033 476 4087 Zu
493 4033 628 4087 Asiaticis
646 4033 718 4086 miii·
773 4030 822 4085 des
841 4047 922 4100 quam
943 4031 1123 4099 Macedones,
1148 4046 1178 4084 so
1197 4031 1237 4085 ist
1258 4031 1334 4085 wohl

154 4104 229 4157 tibus
248 4120 268 4156 s.
289 4103 335 4157 die
354 4104 427 4158 Note
446 4122 480 4157 zu
501 4109 523 4157 1.
543 4110 586 4157 42.
773 4102 835 4156 eine
849 4101 1054 4171 zeugmatische
1069 4099 1272 4157 Construlrtion
1287 4118 1335 4154 111·

192 4180 215 4229 6,
243 4175 436 4243 pervicacis
462 4175 504 4229 aci
529 4175 640 4229 amnia
664 4173 717 4227 wie
772 4172 926 4227 zunehmen
948 4172 1005 4226 und
1028 4189 1062 4225 zu
1085 4175 1223 4242 ergtnzen
1247 4176 1333 4227 etwa:

154 4246 298 4300 interritus
317 4247 354 4300 act
372 4247 465 4300 omnia
483 4250 507 4298 4.
531 4250 571 4299 10.
591 4251 621 4310 43
637 4245 717 4313 pani·
771 4260 853 4313 qaam
876 4244 1062 4314 voluptatibus
1085 4248 1110 4296 et
1129 4243 1260 4298 tuaumae
1277 4248 1334 4297 stu-

156 4316 210 4370 dus
228 4317 266 4370 ad
284 4318 378 4371 omnia
396 4321 420 4369 8.
443 4322 483 4370 14.
503 4321 544 4370 23.
771 4317 847 4370 datie.
885 4314 942 4368 Das
964 4313 1095 4368 fol'ende
1114 4314 1196 4368 ctist
1215 4340 1249 4360 =
1267 4312 1333 4368 und

191 4391 215 4442 8.
241 4389 282 4442 ad
300 4389 378 4454 iila,
397 4386 424 4441 d.
443 4387 471 4441 h.
492 4388 529 4442 ud
547 4387 717 4441 nobilitatem
772 4384 938 4454 danaber,
956 4332 1025 4440 und
1041 4384 1135 4440 doch.
