2790 4792
145 226 209 293 152
600 225 630 290 Q.
651 224 761 280 CURTI
779 225 867 280 RUFI

142 390 243 455 rasit:
276 389 393 474 quippe
424 387 583 471 lymphati
613 387 772 470 trepidare
805 390 979 470 coeperunt
1011 389 1156 454 omnium
1186 394 1327 474 pectora.

143 478 268 543 occulto
290 478 379 541 metu
401 477 613 559 percurrente.
643 472 732 539 Caeli
754 474 862 559 fulgor
883 478 1028 558 tempore
1051 479 1173 543 aestivo
1193 479 1325 544 ardenti

144 565 258 631 similis
281 565 472 629 internitens
494 564 580 648 ignis
603 563 753 646 praebuit
772 563 920 647 speciem,
942 563 1152 650 flammasque
1167 587 1205 631 ex
1219 566 1319 633 Darei

9 646 12 651 ¹
90 675 124 725 15
144 654 256 719 castn's
272 653 447 737 splendere,
465 653 554 717 velut
566 651 662 716 inlati
674 655 795 715 temere
808 649 987 737 praesidiis,
1005 654 1186 719 credebant.
1210 654 1319 732 Quod-

143 742 170 806 si
192 742 348 827 perenlsis
370 739 535 824 Mazaeus,
557 740 612 825 qui
634 740 838 823 praesidebat
859 740 977 824 itineri,
1000 743 1247 828 supervenisset,
1269 745 1318 809 in-

142 850 221 916 gens
245 830 352 895 clades
375 829 477 912 accipi
499 828 619 912 potuit:
651 850 752 912 nunc,
779 828 856 892 dum
878 828 934 893 ille
956 829 1065 914 segnis
1087 831 1123 895 in
1146 854 1198 914 eo,
1222 854 1318 916 quem

88 941 122 989 16
142 921 368 1002 occupaverat,
398 917 522 981 tumulo
551 915 652 1001 sedet,
684 919 855 981 contentus
882 939 949 982 non
976 918 1104 1003 lacessi,
1134 918 1320 984 Alexander

141 1007 274 1093 cognito
305 1027 424 1090 pavore
452 1005 608 1070 exercitus
637 1004 780 1090 signum,
810 1007 848 1068 ut
871 1006 1098 1090 consisterent,
1129 1008 1212 1092 dari,
1244 1013 1319 1074 ante

139 1094 231 1179 ipsos
255 1117 345 1159 arma
363 1094 521 1177 deponere
539 1115 577 1158 ac
594 1094 700 1157 levare
719 1114 854 1177 corpora
866 1093 965 1178 iubet,
987 1094 1172 1180 admonens,
1194 1097 1319 1161 nullam

89 1205 122 1253 1⁷
142 1183 242 1248 subiti
264 1204 395 1247 causam
417 1203 487 1248 esse
505 1182 647 1266 terroris,
667 1181 795 1246 hostem
812 1183 926 1265 procul
943 1184 1037 1247 stare.
1073 1183 1217 1249 Tandem
1232 1206 1319 1250 com-

140 1274 233 1354 potes
261 1272 313 1336 sui
338 1271 459 1356 pariter
488 1293 579 1335 arma
601 1273 634 1334 et
656 1271 782 1335 animos
804 1291 965 1353 recepere:
1002 1291 1061 1336 nec
1084 1273 1256 1357 quiequam
1279 1295 1319 1336 ex

140 1360 364 1444 praesentibus
386 1359 487 1424 tutius
510 1359 614 1423 visum
637 1361 696 1442 est,
719 1381 817 1443 quam
834 1357 946 1424 ecdem
963 1360 1035 1424 loeo
1055 1363 1160 1425 castra
1183 1361 1320 1425 munire.

89 1469 123 1517 rs
140 1445 275 1513 Postero
303 1448 354 1513 die
380 1446 530 1512 Mazaeus
559 1483 601 1492 -—
630 1468 704 1511 oum
731 1447 861 1512 delectis
889 1447 1034 1532 equitum
1061 1448 1096 1512 in
1119 1449 1205 1513 edito
1229 1450 1325 1533 colle,

142 1557 181 1600 ex
205 1557 268 1621 quo
290 1535 503 1601 Macedonum
525 1535 804 1619 prospiciebantur
826 1538 947 1619 castra,
974 1535 1163 1601 consederat
1185 1575 1227 1584 —
1252 1539 1319 1603 sive

141 1628 244 1709 metu,
267 1625 333 1689 sive
356 1625 432 1709 quia
455 1624 613 1707 speculari
635 1624 731 1688 modo
754 1624 862 1688 iussus
886 1627 964 1708 erat,
986 1624 1027 1688 ad
1049 1623 1192 1690 Dareum
1214 1626 1325 1690 rediit..

90 1734 123 1783 19
141 1700 333 1777 Macedones
356 1734 429 1777 eum
450 1713 557 1795 ipsum
581 1712 709 1794 collem,
731 1732 826 1796 quem
849 1711 1046 1796 deseruerat,
1068 1717 1320 1797 occupaverunt:

141 1820 219 1865 nam
242 1805 275 1865 et
292 1801 394 1866 tutior
413 1800 547 1884 planitie
567 1803 637 1865 erat
651 1802 683 1863 et
697 1800 772 1864 inde
787 1800 870 1864 acies
883 1800 1037 1884 hostium,
1060 1823 1141 1885 quae
1155 1803 1190 1867 in
1204 1823 1319 1886 campo

88 1909 123 1959 20
142 1889 373 1972 explicabatur,
395 1889 538 1972 conspici
559 1890 696 1971 poterat.
741 1886 804 1952 Sed
827 1888 945 1973 caligo,
968 1910 1065 1973 quam
1088 1890 1172 1954 cirea
1194 1890 1319 1954 humidi

142 1977 321 2043 effuderant
342 1980 479 2059 montes,
501 1977 685 2041 universam
709 1976 855 2060 equidem
877 1977 925 2057 rei
948 1976 1062 2041 faciem
1084 1999 1152 2042 non
1176 1979 1325 2062 abstulit,

142 2067 283 2129 ceterum
307 2065 473 2149 agminum
496 2064 682 2129 discrimina
704 2067 799 2148 atque
823 2063 968 2129 ordinem
988 2065 1155 2148 prohibuit
1171 2067 1321 2150 perspici.

142 2150 317 2217 Multitudo
348 2152 561 2216 inundaverat
592 2173 724 2234 campos
754 2151 965 2237 fremitusque
992 2156 1042 2218 tot
1068 2154 1193 2218 milium
1220 2155 1319 2218 etiam

88 2263 122 2312 21
141 2241 254 2322 procul
277 2241 432 2304 stantium
456 2260 548 2304 aures
570 2239 758 2323 inpleverat.
793 2239 958 2305 Fluctuari
975 2242 1084 2305 animo
1102 2263 1157 2306 rex
1176 2245 1210 2306 et
1222 2243 1319 2307 modo

143 2349 249 2412 suum,
280 2328 377 2392 modo
399 2327 623 2392 Parmenionis
650 2327 821 2393 consilium
844 2350 916 2393 sera
938 2329 1162 2394 aestimatione
1183 2352 1319 2414 perpen-

143 2416 231 2480 dere:
255 2417 374 2501 quippe
397 2437 435 2480 eo
458 2419 590 2480 ventum
613 2419 691 2500 crat,
713 2417 799 2481 unde
820 2417 920 2500 recipi
938 2418 1105 2502 exercitus,
1126 2419 1190 2482 nisi
1208 2419 1322 2502 victor,

89 2529 123 2577 22
143 2504 211 2568 sine
243 2503 332 2569 clade
364 2524 431 2569 non
459 2508 578 2588 posset.
622 2504 737 2589 ltaque
764 2505 966 2570 dissimulato
992 2526 1112 2590 pavore
1136 2527 1321 2571 mercenna-

88 2617 123 2667 23
142 2591 227 2657 rium
254 2593 395 2679 equitem
423 2614 461 2656 ex
488 2592 631 2658 Paeonia
657 2593 846 2676 praecedere
873 2592 971 2657 iubet.
1016 2593 1090 2676 Ipse
1113 2594 1320 2679 phalangem,

142 2681 226 2747 sicut
252 2686 349 2747 antea
375 2681 495 2746 dictum
524 2684 586 2766 est,
617 2681 651 2745 in
679 2680 742 2745 duo
770 2701 890 2746 cornua
913 2681 1113 2746 extenderat:
1147 2685 1320 2767 utrumqne

180 2895 223 2941 14.
246 2890 396 2958 saberet,
416 2916 449 2935 =
468 2890 601 2959 vorlag,
629 2905 704 2943 vor·
757 2889 853 2945 traeht
880 2889 930 2944 der
951 2889 1214 2960 augenblicklichen
1232 2890 1323 2960 Lege,

143 2957 374 3027 hardenum,
393 2959 601 3014 wieli.22.-
621 2960 703 3028 lym·
757 2960 812 3015 wie
841 2966 882 3017 10.
903 2966 928 3014 9,
948 2967 989 3015 11.
1027 2961 1092 3045 Vqr.
1120 2961 1170 3015 das
1193 2959 1320 3015 Grieohi·

139 3028 252 3152 pilati,
272 3053 305 3074 =
324 3025 534 3098 νυμφόληπτοι,
558 3029 704 3083 mehrfaeh
758 3032 821 3085 sche
849 3027 881 3085 ἐκ
903 3029 959 3084 τῶν
982 3049 1144 3099 maeoniae,
1174 3031 1262 3101 desgl.
1285 3046 1323 3085 ex

163 3098 190 3154 ei
203 3098 311 3166 Livium
330 3099 384 3153 mit
402 3101 630 3170 lymphaticus
642 3116 703 3154 me·
758 3103 839 3171 eopia
856 3117 947 3156 rernm
966 3099 1033 3155 Sall.
1044 3100 1108 3171 Jug.
1119 3107 1161 3156 39.
1181 3106 1197 3155 5
1212 3120 1238 3155 u.
1248 3106 1318 3155 am.

145 3174 199 3224 tas
220 3169 300 3241 giebt
319 3169 425 3225 Seneca
448 3169 493 3224 die
512 3169 639 3223 Πανικαὶ
657 3189 704 3224 τα·
794 3177 836 3226 20.
856 3170 1063 3239 effuderant.
1101 3171 1128 3225 S.
1147 3171 1220 3226 oben
1239 3178 1318 3226 9.15.

143 3239 555 3311 ραχαίᾱθ1ί111001101111101101.
570 3272 604 3280 -
619 3241 705 3295 eceli
759 3273 792 3282 -
810 3244 1001 3296 nniversam
1072 3243 1193 3309 faciem
1210 3242 1265 3296 wie
1275 3248 1318 3297 13.

143 3312 265 3382 fnlpor.
301 3312 358 3368 Der
384 3310 532 3366 Ausdruek
558 3310 596 3364 ist
621 3310 703 3365 tiber-
758 3320 772 3366 1
796 3314 927 3366 aniverso
952 3313 1005 3378 fni.
1028 3313 1198 3366 discriminis
1223 3313 1319 3379 facies.

143 3381 234 3437 leden.
273 3382 353 3438 Sinn:
382 3384 431 3438 der
449 3381 587 3449 Himmel,
606 3381 655 3435 der
672 3381 703 3435 in
757 3382 848 3437 Ueber
874 3383 996 3452 equidem
1022 3401 1042 3436 s.
1071 3382 1144 3437 Einl.
1172 3388 1196 3448 ξ.
1216 3389 1259 3438 22.
1285 3415 1318 3423 -

49 3478 53 3486 ·
143 3450 230 3522 Fulge
244 3453 294 3508 der
303 3453 503 3508 Sommerhitze
517 3450 703 3506 stellenweise
757 3454 996 3508 inundaverat.
1033 3453 1097 3524 Vgl.
1118 3460 1142 3507 5.
1164 3459 1187 3507 7.
1207 3459 1232 3508 8.

143 3523 337 3591 (internitens)
378 3525 432 3578 wie
491 3522 597 3577 ltihend
635 3539 703 3590 war,
793 3530 836 3580 21.
868 3525 1081 3591 fluctuari.
1119 3523 1199 3578 Auoh
1221 3523 1319 3578 Livius

143 3593 255 3647 machte
275 3593 325 3647 auf
340 3594 380 3648 sie
399 3595 453 3648 den
466 3543 609 3648 Mindruek
628 3593 704 3648 einer
756 3594 877 3649 brauoht
903 3595 954 3648 das
980 3592 1063 3648 Wort
1092 3595 1134 3648 als
1161 3594 1321 3664 Deponens,

142 3663 353 3718 Fenersbnmst.
389 3665 481 3719 Ueber
503 3665 705 3719 internitens
758 3664 804 3720 dis
818 3664 955 3719 Glassikcr
973 3664 1057 3719 meist
1075 3666 1116 3719 als
1130 3664 1317 3719 Aktivum.-

143 3734 704 3790 sala-inimi.Sinnzalsseiensie
757 3753 833 3791 seno
859 3736 1095 3791 aestimatione
1125 3734 1179 3790 wie
1207 3741 1232 3789 3.
1258 3741 1318 3790 6.5

141 3805 173 3860 in
186 3805 703 3875 dieNthederVorpostengerathen.
757 3810 859 3862 semeio
881 3806 1075 3862 aesiimoticne.
1095 3837 1128 3846 -
1156 3807 1278 3874 victor,
1297 3824 1318 3861 s.

181 3884 221 3932 15.
232 3875 704 3945 praesidebot=deckte,wie
758 3876 831 3932 Einl.
850 3882 874 3942 ξ.
894 3885 942 3933 ta.

143 3955 167 4004 3.
187 3955 212 4002 4.
232 3952 257 4001 5.
286 3980 319 3987 -
349 3952 526 4002 contentas
545 3964 568 4003 c.
587 3947 663 4000 infin.
683 3963 703 4000 s.
794 3954 837 4002 22.
869 3949 997 4017 itaque,
1029 3947 1095 4003 weil
1117 3947 1243 4002 Umkehr
1268 3965 1319 4001 un-

141 4017 216 4074 11111.
234 4025 257 4085 ξ.
272 4019 373 4087 34110.
403 4018 457 4072 Zur
467 4017 557 4072 Sache
565 4017 704 4087 vgl.9.23.
759 4017 883 4088 mtglich
892 4035 959 4074 war.
978 4012 1319 4089 DerAniangdesSatncs

179 4095 221 4145 16.
250 4095 327 4144 onte
351 4090 443 4158 ipsos
524 4088 703 4156 deponam
757 4089 796 4143 ist
813 4089 889 4144 wohl
906 4090 1090 4144 verderbt.-
1105 4105 1242 4158 penore,
1260 4089 1317 4159 vgl.

141 4158 253 4215 diadas
266 4156 302 4214 τὰ
316 4155 391 4214 inm
402 4153 457 4229 πρὸ
471 4157 527 4211 τῶν
540 4156 638 4210 ποδῶν
651 4157 703 4210 hat
758 4164 800 4214 13.
819 4165 852 4215 18
870 4159 928 4213 und
947 4161 1050 4215 diesim.
1068 4165 1141 4215 metm
1159 4165 1183 4214 9.
1195 4165 1273 4214 527.
1286 4190 1319 4198 -

142 4228 267 4300 Polyaen
284 4237 309 4287 4.
329 4237 353 4284 3.
374 4237 407 4285 26
426 4230 456 4284 in
475 4228 524 4282 der
541 4226 703 4296 Emthlung
752 4231 962 4299 praecedere,
980 4230 1065 4286 ntml.
1080 4231 1221 4298 exercitui,
1239 4229 1319 4285 nicht

142 4299 287 4357 desselben
303 4301 436 4356 Verialls.
756 4299 851 4370 gleioh
865 4303 1018 4368 procedere.

65 4388 67 4395 ·
180 4377 222 4426 11.
241 4389 278 4427 ea
291 4368 702 4441 praenuntiandum·
793 4371 1326 4441 23.ontea,s.12.3.-—et...edi·-

65 4392 86 4488 i.
