2790 4792
157 211 221 276 168
610 213 643 280 Q.
662 213 774 269 euasl
791 212 878 269 RUFI

104 395 139 442 ιο
246 374 432 439 Alexander
454 375 495 440 ad
518 377 710 441 vastandam
734 398 807 442 eam
828 377 994 463 regionem
1011 377 1168 443 Perdicca
1186 399 1265 444 eum
1287 380 1365 444 θοι-4

154 463 265 547 pedita
296 485 395 528 mauu
422 463 524 529 missa
550 469 678 549 partem
704 466 870 550 copiarum
896 465 1035 530 Eumeni
1060 466 1216 553 tradidit,
1244 471 1285 532 at
1311 470 1337 534 is

156 574 283 637 quoque
315 553 474 617 barbaros
502 553 543 618 ad
576 553 772 619 deditionem
799 554 1008 638 conpelleret:
1038 555 1110 639 ipse
1138 552 1271 621 ceteros
1298 558 1338 623 ad

154 641 269 706 arbem
291 641 448 719 validam,
472 643 508 706 in
529 664 628 727 quam
651 643 790 707 aliarum
813 663 941 728 quoque
962 643 1180 729 confugerant
1200 645 1337 732 incolae,

101 750 137 799 no
153 729 256 796 duxit
292 728 455 814 Oppidani
472 730 597 814 missis,
615 731 672 816 qai
689 751 801 816 regem
819 732 1079 815 deprecarentur,
1099 732 1207 799 nihilo
1227 734 1336 800 minus

153 817 279 884 bellam
306 819 477 902 parabant
523 819 651 904 Quippe
674 824 748 886 orta
774 820 891 885 seditio
913 821 949 884 in
975 820 1103 886 diversa
1124 821 1271 888 consilia
1291 823 1336 888 di-

156 907 295 972 duxerat
316 907 465 992 valgum:
488 908 549 972 alii
572 909 683 974 omnia
704 908 868 974 deditione
888 910 1030 994 pbtiora,
1052 909 1189 993 quidam
1211 912 1336 978 nullam

100 1015 134 1064 21
153 1002 249 1080 opem
269 996 305 1060 in
327 997 408 1080 ipsis
431 1018 501 1061 esse
524 998 694 1062 ducebant
729 996 793 1063 Sed
814 998 890 1063 dam
907 997 993 1062 nibil
1012 999 1047 1062 in
1064 1020 1244 1065 commane
1265 1022 1336 1067 con·

154 1085 285 1170 salitur,
313 1086 369 1170 qui
391 1084 548 1151 deditioni
574 1086 792 1167 inminebant,
819 1087 941 1171 apertis
967 1087 1071 1170 portis
1099 1088 1237 1154 hostem
1260 1091 1336 1156 reci·

100 1193 136 1242 aa
154 1174 258 1258 piant,
312 1174 497 1239 Alexander
531 1197 728 1260 quamquam
765 1175 844 1240 belli
876 1176 1061 1240 auctombus
1096 1177 1169 1242 iare
1205 1183 1337 1264 poterat

154 1263 267 1346 irasci,
298 1266 411 1327 tamen
442 1264 593 1328 omnibus
624 1265 722 1328 venia
752 1264 830 1329 data
856 1267 890 1328 et
916 1263 1082 1330 obsidibus
1114 1268 1265 1351 acceptis
1298 1269 1335 1333 ad

153 1353 339 1435 proximam
371 1351 486 1417 deinde
517 1353 633 1417 urbem
665 1356 773 1418 castra
803 1353 915 1417 movit
963 1350 1098 1418 Obsides
1131 1355 1338 1422 ducebantur

100 1460 136 1509 23
156 1445 232 1505 ante
256 1459 383 1524 agmen
424 1439 513 1516 Quos
537 1463 611 1506 cum
634 1464 674 1506 ex
695 1441 798 1505 muris
821 1440 1063 1525 adgnouissent,
1085 1447 1204 1526 utpote
1228 1448 1337 1531 gentis

155 1529 313 1613 eiusdem,
336 1529 372 1592 in
394 1529 602 1615 conloquium
625 1534 891 1595 convocaverunt
935 1529 991 1594 Illi
1012 1531 1225 1597 clementiam
1252 1536 1335 1620 regis

155 1617 318 1701 simulque
350 1617 418 1682 vim
447 1619 730 1684 commemorando
758 1619 798 1682 ad
830 1618 1026 1684 deditionem
1057 1640 1114 1684 eos
1147 1622 1336 1705 conpulere:

154 1711 344 1791 ceterasque
367 1707 464 1772 arbes
487 1707 588 1772 simili
611 1707 708 1773 modo
730 1707 870 1771 domitas
893 1707 929 1770 in
949 1707 1047 1772 fidem
1070 1710 1208 1792 accepit

97 1815 134 1864 24
240 1793 327 1860 Hinc
344 1795 380 1859 in
397 1816 531 1880 regnum
552 1794 699 1880 Sopithis
718 1800 908 1880 perventum
926 1799 985 1860 est.
1021 1794 1123 1880 Gens,
1144 1802 1184 1863 ut
1202 1796 1360 1874 barbarib

98 1905 132 1954 25
152 1884 300 1967 credunt,
329 1884 491 1968 sapientia
513 1885 650 1951 excellet
671 1885 830 1969 bonisque
851 1885 998 1949 moribus
1020 1884 1155 1968 regitur.
1198 1885 1335 1954 Genitos

150 1972 271 2037 liberos
304 1994 368 2037 non
397 1977 571 2056 parentum
599 1973 737 2038 arbitrio
769 1973 889 2038 tollant
918 1973 1088 2058 alantque,
1120 1975 1180 2039 sed
1214 1997 1336 2061 eoram,

152 2061 270 2145 quibas
290 2061 460 2144 spectandi
477 2062 640 2126 infantam
661 2061 809 2126 habitam
827 2081 904 2124 cura
921 2062 1076 2126 mandata
1094 2067 1153 2128 est
1192 2060 1231 2128 Si
1256 2088 1335 2151 quos

150 2150 297 2234 insignes
312 2152 370 2214 aut
385 2149 492 2234 aliqua
509 2153 602 2234 parte
617 2150 837 2214 membrorum
851 2150 984 2214 inutiles
997 2153 1206 2232 notaverunt,
1226 2156 1336 2220 necari

97 2262 131 2312 26
150 2236 273 2303 iubent.
317 2236 450 2320 Nuptiis
483 2242 600 2302 coeunt
626 2259 693 2303 non
724 2257 842 2322 genere
874 2259 912 2303 ac
938 2238 1113 2304 nobilitate
1141 2243 1336 2327 coniunctis,

150 2394 316 2463 Untergang
339 2392 388 2447 der
409 2394 491 2448 Stadt
514 2394 629 2449 biermit
652 2396 713 2449 ent·
803 2399 844 2449 23.
865 2410 902 2448 ex
919 2395 1024 2448 maris
1041 2395 1098 2464 vgl.
1114 2393 1145 2449 oi
1161 2392 1195 2451 ἐκ
1209 2400 1270 2452 τῶν
1284 2420 1335 2454 τει-

150 2464 582 2532 schieden‚unvermeidliohsei.
602 2465 712 2519 Zweck-
767 2464 832 2532 χῶν.
868 2464 932 2534 Vgl.
956 2464 1029 2519 auch
1051 2465 1124 2520 Einl.
1151 2473 1167 2532 ᾗ
1191 2475 1225 2523 21
1251 2471 1278 2526 d.
1303 2501 1334 2510 -

149 2535 288 2606 missiger
310 2535 426 2589 wurden
449 2536 494 2590 die
517 2537 615 2590 Worte
640 2536 713 2590 nach
766 2536 942 2603 simulque,
968 2541 1034 2589 so.
1055 2542 1096 2590 13.
1117 2543 1167 2603 22;
1193 2544 1220 2593 8.
1243 2547 1335 2608 6.14;

149 2612 327 2661 transnavere
357 2607 465 2662 slehen.
511 2606 568 2660 Der
596 2607 713 2661 Schrift-
767 2610 970 2660 8.10.25.-
992 2608 1064 2660 aim.
1101 2607 1216 2665 Ebenso
1240 2613 1285 2665 vis
1303 2637 1334 2657 =

150 2677 247 2732 steller
269 2676 347 2732 nieht
373 2677 436 2731 hier
459 2678 524 2731 sehr
548 2677 592 2731 ins
614 2677 713 2744 Kame,
762 2677 889 2745 potentia
906 2677 1008 2745 (neben
1025 2679 1107 2746 vires)
1132 2678 1191 2734 Cic.
1214 2699 1244 2750 p.
1264 2683 1333 2738 Mur.

149 2765 207 2802 was
234 2747 336 2801 Arrian
364 2755 388 2803 4.
417 2754 524 2801 22-24
556 2748 714 2818 eingehend
768 2753 815 2811 583
835 2752 877 2801 59.

148 2817 301 2884 berichtet3
321 2818 412 2872 dieser
430 2819 540 2873 erathlt
558 2838 580 2874 z.
598 2819 628 2872 B.
648 2819 713 2873 dass
802 2823 846 2872 24.
865 2817 1019 2886 Sopithis
1042 2845 1076 2864 --
1100 2822 1266 2877 Σωπεύθοο
1289 2823 1334 2878 bei

151 2894 248 2954 17,000
267 2888 436 2942 Einwohner
453 2889 594 2959 getbdtet‚
616 2895 713 2955 70,000
766 2886 827 2942 Arr.
857 2887 922 2943 Sein
936 2888 1024 2942 Reich
1042 2890 1091 2959 lag
1104 2892 1182 2945 wobl
1200 2895 1332 2948 nordlich

149 2959 596 3082 qefangengenommeuwurden.
609 2959 712 3042 {leber-
765 2977 822 3014 von
840 2960 893 3012 den
912 2959 1028 3014 (lethaei
1048 2960 1106 3014 und
1125 2961 1288 3020 Adraestae
1305 2965 1332 3018 in

149 3028 712 3171 „sinisteriusnsunt
766 3030 1331 3161 n,arelianenses

186 3177 228 3226 19.
256 3171 413 3238 Eumeni,
445 3171 549 3226 seinem
582 3169 711 3225 deheim·
764 3171 838 3226 form
861 3172 972 3226 excelleo
995 3189 1029 3225 au
1051 3175 1152 3228 eneello
1178 3174 1219 3230 ist
1246 3177 1331 3231 durch

149 3242 292 3296 schreiber
316 3237 592 3312 (ἀρχιγραμματεύς).
630 3242 710 3296 Nach
765 3243 823 3296 alte
855 3241 1064 3297 Grammatilrer
1094 3247 1251 3315 geniigead
1286 3248 1330 3302 be

148 3315 209 3367 Arr.
220 3315 298 3367 batte
310 3314 401 3368 dieser
415 3314 460 3369 die
471 3313 608 3382 Aafgabe,
619 3313 711 3382 einige
765 3314 855 3382 aeugt.
889 3344 923 3352 —
955 3315 1107 3382 repetam·
1142 3318 1202 3386 vgl.
1237 3315 1332 3379 nitens

148 3383 201 3435 mit
220 3382 344 3453 Sangala
367 3385 539 3439 verbiindete
560 3383 659 3438 Sttdte
678 3402 711 3437 zu
765 3378 976 3453 εὐνομουμένοις
989 3379 1058 3438 καθ’
1072 3381 1240 3456 ὑπερβολὴν
1268 3388 1330 3443 Dio·

148 3453 240 3506 adch‘
262 3469 305 3507 en.
339 3484 373 3494 -
403 3457 514 3510 nibem
545 3455 711 3519 validam
765 3453 824 3507 dor.
849 3461 890 3509 17.
911 3459 953 3507 91.
990 3454 1071 3508 Nach
1090 3455 1119 3510 Ο.
1144 3431 1281 3514 bedarite
1303 3476 1330 3514 es

148 3522 221 3576 auch
276 3524 331 3578 iod.
361 3530 403 3579 17.
432 3531 475 3580 91.
502 3532 519 3579 4
550 3527 640 3579 neunt
670 3524 710 3578 sie
764 3524 811 3578 bei
841 3523 927 3578 ihnen
959 3541 1010 3594 gar
1038 3526 1119 3580 nicht
1150 3528 1330 3585 bestimmter

148 3591 242 3659 nicht;
275 3594 376 3648 Arrian
407 3595 547 3650 beriahtet
573 3612 629 3650 von
662 3595 711 3649 der
765 3594 881 3649 Geretae
900 3594 957 3648 und
976 3596 1198 3665 Zwangsmittel.

148 3679 256 3734 ganzen
276 3663 365 3719 Sache
383 3665 484 3722 niehts.
800 3669 842 3718 25.
862 3666 994 3719 tollunt.
1031 3666 1085 3720 Eia
1103 3669 1125 3721 t.
1145 3670 1166 3722 t.
1187 3670 1239 3724 des
1261 3677 1328 3726 rom.

184 3739 226 3788 20.
239 3736 380 3804 culpam.
404 3735 711 3792 Diesemasaal.Aceu-
764 3734 965 3789 Privatlebens.
992 3736 1179 3793 Nattirlicher
1192 3747 1272 3797 ware
1286 3743 1328 3796 die

148 3805 295 3860 sativform
328 3805 421 3860 baben
456 3807 607 3861 vereinaelt
638 3807 711 3861 auch
764 3804 874 3874 passive
896 3804 1099 3878 Construktion
1123 3810 1207 3865 libeni
1230 3815 1328 3868 anun

148 3875 233 3944 (laea,
247 3876 314 3930 Sall.
329 3894 355 3933 u.
369 3877 711 3946 Nepos-diduxerat
763 3881 816 3930 twr.
842 3906 875 3915 —
899 3878 1063 3948 insipnes,
1092 3879 1155 3933 hier
1178 3881 1221 3936 im
1245 3884 1330 3938 dblea

147 3946 192 4000 lflr
210 3948 358 4013 diviserat;
382 3948 535 4003 nachclass.
559 3947 710 4003 Prosaiker
764 3947 848 4001 Sinne
876 3971 910 3992 =
939 3948 1027 4002 durch
1053 3950 1155 4018 irgend
1187 3953 1236 4007 ein
1264 3954 1328 4020 Mal,

146 4015 290 4071 brauchen
301 4018 351 4071 das
361 4018 443 4072 Wort
457 4019 553 4089 htufig
564 4020 594 4072 in
604 4019 709 4072 diesem
762 4017 844 4072 einen
858 4017 960 4072 Fehler
978 4019 1185 4076 auffalleud.
1215 4024 1255 4079 So
1269 4045 1291 4078 a.
1299 4024 1328 4078 B.

148 4086 233 4141 Sinne
252 4091 330 4156 (=s
359 4088 482 4159 alten),
503 4089 548 4143 die
569 4088 710 4143 Classiker
763 4089 835 4142 auch
864 4087 918 4142 Cic.
947 4089 982 4143 de
1010 4106 1048 4145 or.
1077 4096 1102 4144 2.
1131 4098 1176 4148 90.
1219 4096 1329 4150 Anders

147 4156 199 4210 mit
213 4106 566 4229 verwaniiberBedeutung
579 4158 622 4212 als
635 4159 707 4213 mili·
761 4161 849 4213 unten
866 4164 881 4224 ς
900 4164 935 4212 30
952 4178 979 4214 u.
998 4176 1049 4242 aw,

146 4227 287 4282 ttrisehen
305 4232 326 4283 t.
345 4231 365 4286 t.
798 4235 841 4284 26.
859 4231 994 4297 nuptiis
1011 4248 1065 4286 wie
1084 4235 1207 4290 conubio
1221 4242 1247 4291 8.
1265 4242 1288 4291 1.
1303 4241 1328 4304 9,

183 4302 226 4349 21.
250 4300 287 4352 in
305 4315 469 4354 commune
490 4318 510 4353 s.
531 4305 555 4353 5.
572 4304 596 4352 9.
613 4305 654 4353 14.
674 4330 709 4339 -
762 4305 858 4369 stupro
872 4301 982 4355 eoiret.
998 4307 1022 4355 1.
1036 4308 1079 4357 37.
1110 4303 1177 4374 Vgl.
1192 4306 1327 4378 abrigene

80 4384 110 4480 ι
138 4365 356 4426 inminebant
374 4388 396 4430 s.
416 4377 441 4428 8.
462 4377 489 4429 8.
507 4377 533 4428 3.
764 4372 880 4440 nuptiae
896 4371 1001 4426 sceleris
1018 4375 1146 4430 sennan
1164 4379 1328 4432 continuatae
