2790 4800
153 183 220 248 200
458 253 462 259 ,
604 185 636 251 o.
655 184 765 242 ocari
783 185 874 241 auri

153 348 293 413 certiora
329 349 421 412 nosci
452 338 548 431 posse
586 350 747 432 sperabat.
797 348 852 413 Illi
885 348 1020 414 scrutati
1053 350 1172 415 omnia
1206 352 1341 436 tuguria

117 436 284 501 ctandem
304 438 445 502 latentes
463 457 641 522 repperere.
679 437 742 514 Qui
760 437 968 522 interrogati,
987 460 1086 523 quam
1105 439 1230 523 procul
1250 440 1340 504 abes·

153 530 204 591 set
230 547 333 609 mare,
364 526 600 609 responderunt
626 526 752 591 nullum
779 527 868 610 ipsos
895 548 984 591 mare
1011 549 1053 592 ne
1080 527 1178 593 fama
1209 529 1340 612 quidem

153 614 327 698 accepisse,
355 618 497 679 ceterum
522 616 623 680 ‚tertio
652 615 702 679 die
730 614 892 699 perveniri
914 637 1011 699 posse
1034 617 1076 681 ad
1101 638 1233 701 aquam
1257 640 1344 682 ama-

151 713 239 786 ram,'
254 725 336 787 quae
355 707 576 787 corrumperet
594 703 730 768 dulcem.
766 703 973 769 Intellectum
992 709 1043 770 est
1061 727 1156 770 mare
1175 706 1342 773 destinari

118 793 193 855 aab
221 792 344 877 ignaris
372 795 506 856 naturae
533 793 610 857 eius.
654 791 770 877 Itaque
794 792 920 877 ingenti
944 792 1114 859 alacritate
1138 794 1274 860 nautici
1297 819 1342 860 re·

151 879 278 965 migant
302 885 335 945 et
357 880 504 964 proximo
525 903 652 966 quoque
672 881 733 964 die,
757 903 820 966 quo
838 881 973 965 propius
993 904 1066 966 spes
1085 883 1345 968 admovebatur,

152 970 319 1058 crescebat
350 968 445 1033 ardor
478 970 668 1034 animorum.
719 969 830 1035 Tertio
863 971 929 1035 iam
956 971 1008 1034 die
1035 973 1178 1036 mixtum
1210 973 1343 1039 flumini

152 1057 284 1123 subibat
315 1079 417 1140 mare,
449 1058 515 1123 leni
547 1058 651 1123 adhuc
683 1062 776 1123 aestu
805 1058 1019 1124 contradente
1046 1060 1200 1144 dispares
1227 1064 1343 1129 undas.

118 1145 236 1211 aTum
265 1147 364 1212 aliam
392 1147 533 1212 insulam
560 1148 666 1212 medio
696 1149 784 1212 amni
812 1147 911 1212 sitam
938 1149 1041 1214 evecti
1068 1149 1171 1233 paulo
1205 1151 1344 1235 lentius,

153 1234 229 1321 quia
265 1257 377 1301 cursus
416 1240 507 1301 aestu
538 1235 821 1320 reverberabatur,
856 1237 1021 1321 adplicant
1052 1238 1199 1303 classem
1234 1245 1272 1306 et
1305 1241 1344 1306 ad

156 1329 356 1400 commeatus
379 1325 536 1408 petendos
560 1324 756 1410 discurrunt,
784 1326 889 1391 securi
912 1347 1005 1391 casus
1030 1326 1111 1411 eius,
1142 1329 1203 1413 qui
1231 1352 1344 1414 super·

119 1425 135 1473 9
154 1413 243 1477 venit
266 1412 399 1498 ignaris.
437 1411 546 1478 Tertia
567 1413 669 1478 ferme
690 1413 772 1479 hora
792 1418 871 1498 erat,
894 1436 966 1479 eum
985 1415 1163 1481 statariae
1183 1415 1382 1486 Oceanusbt

154 1505 346 1566 exaestuans
375 1501 484 1566 invehi
512 1502 620 1586 coepit
649 1506 681 1581 et
703 1506 791 1569 retro
815 1503 935 1568 flumen
957 1524 1085 1590 urgere:
1115 1505 1207 1589 quod
1231 1509 1345 1591 primo

154 1591 344 1676 coercitum,
362 1590 476 1655 deinde
496 1591 719 1657 vehementius
737 1592 869 1676 pulsum
883 1591 1005 1658 maiore
1018 1593 1144 1677 impetu
1159 1594 1345 1668 adversum

103 1690 137 1738 10
156 1677 327 1764 agebatur,
358 1701 455 1764 quarn
483 1681 642 1745 torrentia
669 1680 839 1765 praecipiti
866 1680 957 1746 alveo
986 1682 1166 1747 incurrunt.
1217 1683 1346 1770 Ignota

155 1767 254 1854 vulgo
282 1767 360 1833 freti
387 1772 505 1834 natura
533 1773 604 1833 erat
629 1773 838 1858 monstraque
861 1773 894 1834 et
917 1770 984 1835 irae
1002 1770 1097 1836 deum
1120 1771 1254 1839 indicia
1278 1797 1346 1840 cer-

154 1877 232 1921 nere
259 1857 459 1922 videbantur.
504 1856 684 1923 Identidem
711 1858 929 1924 intumescens
957 1881 1046 1925 mare
1075 1863 1107 1924 et
1135 1859 1171 1924 in
1202 1884 1346 1948 campos

105 1958 136 2006 11
156 1945 254 2030 paulo
278 1950 353 2011 ante
378 1946 480 2011 siccos
505 1947 696 2012 descendere
720 1947 934 2032 superfusum.
976 1947 1110 2033 Iamque
1134 1949 1263 2016 levatis
1288 1975 1346 2018 na-

155 2033 253 2119 vigiis
281 2038 315 2099 et
341 2038 414 2100 tota
439 2029 544 2099 class'e
567 2037 726 2119 dispersa,
754 2037 810 2121 qui
834 2037 973 2122 expositi
995 2041 1100 2121 erant,
1126 2038 1281 2124 undique
1305 2042 1347 2108 ad

105 2136 137 2184 12
157 2145 256 2189 naves
290 2123 409 2207 trepidi
442 2128 475 2188 et
506 2123 672 2208 inproviso
701 2124 788 2191 malo
817 2125 951 2192 attoniti
977 2131 1168 2191 recurrunt.=
1211 2126 1282 2195 Sed
1311 2132 1347 2195 in

157 2211 300 2278 tumultu
324 2210 490 2277 festinatio
515 2235 642 2298 quoque
665 2213 760 2278 tarda
784 2218 842 2278 est.
885 2212 930 2278 Hi
953 2215 1057 2279 contis
1080 2215 1219 2301 navigia
1242 2221 1349 2302 pelle-

193 2444 217 2495 6.
237 2439 412 2508 aeeepe'cse.
440 2437 715 2495 DieOlassikerver-
770 2439 833 2510 Vgl.
854 2446 877 2497 7.
897 2446 922 2495 3.
944 2447 976 2496 19
998 2458 1087 2508 neure,
1112 2445 1186 2511 qnod
1208 2444 1345 2504 Cilicium

156 2508 260 2565 binden
280 2511 333 2565 mit
355 2512 476 2579 occepere
494 2535 529 2556 =
548 2512 646 2566 audire
663 2530 716 2566 nur
768 2513 850 2566 subit.
866 2543 899 2552 -
914 2513 1139 2580 confundente
1157 2515 1214 2570 wie
1236 2525 1264 2574 8.
1286 2525 1311 2574 8.
1327 2525 1347 2574 8

158 2580 280 2650 Objelrte
307 2581 360 2636 wie
388 2583 530 2648 nuntium,
557 2583 661 2649 famant
687 2602 715 2638 u.
769 2583 840 2650 conf.
859 2599 965 2638 summe
982 2585 1052 2639 ineis.

157 2652 223 2721 ἀεὶ,
241 2652 322 2707 nicht
336 2651 472 2708 Concreto
485 2653 539 2707 wie
557 2652 618 2708 hier
632 2671 714 2711 neure.
805 2661 829 2709 8.
856 2671 893 2708 eu
904 2656 982 2708 eete'
1004 2681 1038 2700 =
1061 2656 1179 2711 uebendo
1208 2663 1342 2716 macenti.

157 2723 292 2793 Dagegcn
309 2741 379 2793 ganz
398 2724 513 2779 ahnlich
530 2724 595 2780 Tac.
611 2741 674 2780 ann.
691 2733 714 2782 1.
768 2725 878 2780 Ebenso
897 2730 911 2790 5
931 2731 973 2779 27.
1009 2725 1066 2780 Der
1084 2727 1242 2785 Accusativ
1267 2731 1345 2787 ohne

158 2798 175 2847 8
191 2800 351 2863 acceperant
368 2797 440 2850 diem
453 2820 487 2842 ε
501 2797 665 2851 audiuerant
683 2797 716 2851 de
769 2797 819 2862 ud,
837 2797 869 2850 e'n
883 2795 921 2850 ist
938 2797 1067 2866 poetisch
1079 2799 1136 2852 und
1150 2797 1261 2868 selten3
1281 2803 1340 2872 vgl.

157 2865 208 2920 die.
236 2865 297 2919 Den
311 2865 478 2935 Uebergang
496 2866 592 2922 bilden
608 2866 716 2922 Stellen
770 2866 819 2920 Sil.
833 2867 895 2921 Ital.
913 2873 953 2923 16.
968 2873 1020 2922 373
1039 2869 1157 2924 audium
1176 2875 1267 2928 mecte'
1285 2890 1342 2928 cer·

157 2935 210 2989 wie
230 2934 297 2989 Sall.
314 2935 377 3005 Jug.
399 2941 457 2990 104.
478 2942 503 2990 3.
769 2938 871 2994 terniue
889 2955 1021 3008 eampum.
1042 2969 1075 2978 -
1093 2942 1339 3000 reverberaba-

194 3008 610 3076 tproee'neoquoquede‘e.
645 3008 716 3078 Quo·
770 3014 833 3064 tur.
868 3007 905 3064 So
924 3011 1232 3068 8.9.61ndueeoar's
1251 3032 1340 3071 reon·

157 3077 400 3203 Whlilbnfffub
408 3077 716 3208 {aspidastsssfohttlafflrgas
770 3081 934 3204 Qantgrio—
944 3081 1002 3205 {lgr
1018 3081 1136 3137 Genetiv
1155 3082 1203 3137 bei
1221 3101 1341 3142 securus

157 3165 547 3204 naconerrn
689 3169 717 3203 1·

157 3220 252 3287 obes,
272 3167 400 3276 gsondern
427 3220 520 3276 mehr
547 3221 647 3291 besagt
674 3221 716 3275 als
807 3227 831 3277 9.
860 3228 1070 3278 exaestuans.
1116 3222 1199 3278 Naoh
1233 3225 1336 3282 Arrian

157 3291 207 3346 das
234 3291 471 3361 vorhergehende.
511 3291 637 3348 Anderer
663 3294 716 3347 Art
770 3290 865 3346 wurde
881 3291 927 3346 die
940 3293 1046 3362 Metto,
1066 3293 1186 3356 diesich
1205 3296 1336 3354 incinere

156 3362 235 3416 istt.
252 3369 274 3416 1.
291 3369 323 3416 21
344 3364 431 3418 dono
449 3381 517 3418 eum
535 3364 716 3434 sequeban-
769 3363 862 3417 Kanal
890 3363 1044 3434 gefluchtet
1072 3365 1165 3434 hatte,
1199 3384 1259 3424 von
1288 3370 1338 3424 der

157 3439 226 3498 tun,
245 3433 353 3488 leones
371 3451 497 3504 quoque
511 3436 717 3504 etpordutes
769 3432 864 3489 Ebbe
887 3434 1059 3490 fiberrascht.
1078 3466 1112 3476 -
1136 3436 1174 3490 Zu
1199 3442 1336 3495 torrentia

157 3503 268 3557 cauete
284 3507 584 3572 praesentantur,-
601 3507 640 3561 iet
654 3506 718 3561 dort
769 3505 808 3559 ist
829 3507 946 3572 flumine
968 3524 1001 3560 au
1024 3511 1174 3576 ergtmen,
1198 3510 1335 3565 wahrend

157 3573 206 3627 der
228 3573 292 3627 Fall
318 3574 441 3630 insolam
468 3575 541 3630 doch
569 3576 615 3632 ein
647 3593 717 3646 ganz
771 3576 891 3631 sonetin
904 3576 954 3631 der
967 3577 1056 3647 Regel
1069 3579 1159 3633 omnis
1172 3597 1207 3632 zu
1225 3585 1337 3636 torrens

157 3643 288 3710 anderen
309 3645 350 3698 alr
369 3662 443 3702 zwar
460 3645 541 3700 nicht
558 3646 603 3701 die
621 3648 717 3703 Praci-
770 3665 804 3701 zu
831 3647 973 3718 suppliren
999 3648 1046 3704 ist.
1073 3680 1106 3688 —
1131 3650 1336 3718 incurrunt,

156 3715 236 3783 hate,
260 3715 336 3770 wohl
353 3716 421 3770 aber
438 3716 483 3771 die
503 3716 637 3786 Subjekte
655 3717 717 3788 ldg-
771 3717 859 3772 absol.
874 3718 927 3772 wie
943 3725 966 3774 6.
981 3725 1006 3775 4.
1022 3726 1038 3773 5
1052 3735 1105 3789 per
1122 3735 1194 3775 sexo
1211 3723 1336 3777 incurrit

157 3787 215 3842 lioh
229 3785 363 3841 einander
380 3786 589 3857 gleiobgestellt
606 3789 718 3845 werden
771 3812 805 3834 τι
824 3787 912 3843 fliesst
930 3789 1024 3844 dahin.
1060 3791 1171 3846 Ebenso
1196 3793 1291 3848 invehi
1308 3801 1333 3848 4.

157 3858 277 3914 kbnnen.
310 3857 466 3913 Vermuthl.
481 3858 590 3913 schrieb
608 3857 649 3914 O.:
668 3877 718 3915 re·
771 3866 797 3914 9.
809 3865 842 3914 16
857 3861 913 3914 und
925 3861 1160 3932 htufigincedere,
1173 3863 1286 3932 inprerte‘
1295 3865 1334 3919 im

157 3931 286 3999 micant
308 3945 342 3984 eo
366 3935 395 3984 et
415 3930 572 3999 procinrc
594 3947 718 4001 quoque
772 3931 1336 4002 Sinnevon‘einhergehcn,marschiren’.

157 4001 225 4055 die:
246 4017 309 4069 quo
328 3999 669 4070 propiaretc.,indem
689 4019 719 4057 er
808 4007 851 4057 10.
870 4003 1073 4060 descendere.
1105 4004 1169 4060 Von
1181 4005 1334 4076 Gebirgen¹

158 4071 211 4127 mit
224 4086 258 4126 eo
273 4072 327 4128 den
336 4070 592 4143 Tagbeaeichneta
602 4087 640 4125 an
653 4072 718 4127 dem
772 4073 936 4129 Gewtssern
971 4074 1030 4129 und
1066 4074 1172 4130 andern
1205 4076 1334 4132 leblosen

158 4142 204 4198 die
222 4142 400 4199 Macedonier
418 4143 484 4214 jone
505 4143 718 4212 ermuthigende
772 4144 883 4214 Dingen
896 4147 1055 4216 ausgemgt,
1069 4146 1105 4200 ist
1119 4146 1144 4201 d.
1158 4146 1243 4202 Wort
1256 4149 1334 4218 poet.

158 4214 300 4271 Auslrunlt
332 4213 474 4270 erhielten.
521 4212 615 4284 Vergl.
649 4215 718 4268 iiber
771 4233 797 4271 u.
815 4215 1033 4287 nachclassisch.

159 4290 184 4339 et
203 4327 208 4339 .
229 4325 235 4340 .
255 4302 360 4356 quoque
377 4285 449 4340 Einl.
468 4291 562 4352 §tte
579 4316 611 4324 -
625 4286 716 4339 euti·
808 4293 849 4342 12.
869 4289 972 4343 tanda
989 4295 1036 4344 eet
1054 4288 1113 4343 di.
1128 4288 1334 4346 bewirktVer-

159 4356 223 4411 tat.
243 4355 324 4412 Sinn:
340 4355 429 4427 dreng
441 4356 527 4414 ihnen
541 4357 716 4427 entgegen.
771 4375 832 4428 aug,
851 4357 983 4429 Stbrung.
1019 4360 1088 4415 Zum
1105 4360 1246 4431 ricbtigen
1264 4361 1334 4419 Ver·
