2790 4792
168 215 233 279 244
618 214 650 280 Q.
672 214 781 271 caan
801 215 888 270 RUFI

165 399 263 463 quam
287 378 315 442 si
338 398 394 441 rex
418 377 598 443 discordiae
624 383 771 443 auctores
797 377 986 459 dedidisset,
1012 377 1117 443 tulere
1140 400 1344 463 responsum.

113 479 147 528 re
165 466 228 531 Hie
260 466 455 531 renuntiatis
488 487 547 531 sua
579 471 695 549 sponte
727 489 819 531 arma
851 465 971 531 milites
1006 466 1145 552 capiunt.
1199 466 1344 544 Quorum

166 554 307 620 tumultu
330 575 348 618 e
371 554 463 638 regie
491 554 663 639 Philippus
691 555 829 633 excitus,
862 552 990 636 ‘Nihil,’
1022 555 1142 639 inquit,
1170 555 1343 622 ‘seditione

166 647 217 708 est
244 665 335 727 opus.
380 641 467 708 Nam
494 644 581 708 inter
604 665 639 707 se
667 644 863 709 certantium
885 643 1044 726 praemia,
1073 644 1129 727 qui
1152 645 1344 728 quieverint,

114 746 146 794 17
168 733 378 815 occupabunt.
423 728 527 796 Simul
555 735 752 798 mementote
774 755 844 798 rem
867 753 938 797 esee
960 754 1033 796 cum
1056 732 1195 814 civibus,
1226 733 1344 817 quibus

167 841 257 904 spem
285 821 410 904 gratiae
439 820 505 886 cito
535 821 725 905 abrumpere
753 821 795 886 ad
823 820 945 885 bellum
976 820 1070 884 civile
1098 822 1344 904 properantium

114 922 147 971 18
167 913 225 974 est.
258 909 372 973 Altera
390 909 563 993 legatione,
577 932 620 975 an
633 909 779 993 mitigari
794 909 931 993 possint,
948 907 1159 991 experiamur.
1188 908 1235 974 Et
1249 910 1343 977 credo

167 997 309 1062 nondum
340 997 429 1082 regis
459 1019 592 1082 corpore
620 999 749 1082 sepulto
779 997 819 1062 ad
846 995 1042 1080 praestanda
1069 997 1099 1062 ei
1121 997 1211 1064 iusta
1238 1000 1343 1064 omnis

115 1100 147 1147 19
168 1108 238 1151 esse
270 1087 422 1151 coituros.
468 1085 561 1162 Quod
593 1087 633 1151 ad
665 1109 718 1151 me
750 1087 883 1169 attinet,
914 1084 1045 1150 reddere
1076 1084 1139 1150 hoe
1170 1087 1344 1170 imperinm

165 1175 252 1240 malo
284 1197 382 1258 quam
413 1196 558 1240 exercere
585 1176 705 1240 civium
736 1175 906 1257 sanguine:
938 1177 971 1238 et
998 1174 1027 1237 si
1054 1174 1146 1239 nulla
1178 1175 1244 1240 alia
1273 1197 1344 1241 con·

115 1277 151 1325 aa
169 1262 299 1329 cordiae
317 1285 390 1348 spes
410 1267 472 1346 est,
495 1285 552 1329 oro
572 1284 770 1349 quaesoque,
793 1264 905 1348 eligite
923 1261 1105 1346 potiorem?
1140 1260 1276 1330 Obortis
1296 1265 1344 1329 de

165 1352 241 1416 inde
265 1351 409 1417 lacrimis
433 1351 582 1416 diadema
605 1352 750 1419 detrahit
773 1351 888 1436 capiti,
910 1351 1092 1434 dexteram,
1115 1373 1179 1436 qua
1202 1351 1236 1417 id
1258 1355 1344 1420 tene

167 1441 238 1522 bat,
267 1441 480 1524 protendens,
508 1444 560 1524 ut,
588 1443 617 1506 si
645 1442 717 1527 quis
745 1461 779 1506 se
807 1439 989 1524 digniorem
1015 1440 1235 1524 profiteretur,
1266 1442 1344 1507 aeci·

113 1542 147 1590 21
167 1532 266 1612 peret
306 1527 476 1613 Ingentem
500 1551 591 1613 spem
613 1530 733 1596 indolis
756 1533 833 1594 ante
856 1549 930 1593 eum
953 1528 1039 1594 diem
1060 1527 1172 1594 fratris
1195 1529 1344 1595 claritate

167 1638 360 1700 suppressae
391 1621 460 1683 tam
487 1619 656 1683 moderata
683 1617 837 1682 excitavit
865 1617 979 1681 oratio.
1023 1615 1137 1700 Itaque
1164 1619 1276 1683 cuncti
1301 1619 1345 1682 in-

114 1719 148 1767 ae
168 1709 255 1771 stare
288 1711 476 1790 coeperunt,
507 1710 558 1788 ut,
590 1728 673 1791 qnae
702 1705 875 1790 agitasset,
907 1705 1022 1789 exequi
1049 1705 1157 1770 vellet.
1202 1705 1345 1773 Eosdem

166 1816 278 1859 rursus
297 1795 388 1879 legat
406 1797 579 1878 petituros,
598 1799 634 1859 ut
648 1795 850 1880 Meleagrum
869 1795 1003 1858 tertium
1022 1793 1135 1858 ducem
1152 1794 1346 1878 acciperent

168 1881 264 1948 Haud
293 1904 388 1968 aegre
416 1884 450 1948 id
477 1884 677 1966 inpetratum
705 1886 769 1965 est,
796 1904 874 1946 nam
903 1885 935 1946 et
962 1881 1119 1946 abducere
1141 1881 1345 1968 Meleagrum

169 1969 324 2036 Perdicca
347 1993 367 2036 a
394 1992 471 2057 rege
503 1972 655 2054 cupiebat
682 1974 715 2036 et
742 1993 843 2036 unum
872 1969 997 2034 duobus
1025 1971 1171 2054 inparem
1198 1971 1346 2037 futurum

115 2073 148 2122 aa
168 2080 238 2124 esse
262 2060 423 2124 censebat.
459 2058 565 2144 Igitur
585 2059 752 2146 Meleagro
775 2080 849 2124 cum
872 2056 1036 2142 phalange
1060 2059 1189 2123 obviam
1213 2080 1345 2144 egresso

166 2147 319 2212 Perdicca
337 2148 480 2232 equitum
500 2151 625 2214 turmas
645 2148 838 2214 antecedens
855 2145 1003 2212 occurrit.
1030 2145 1213 2232 Utrumque
1229 2169 1346 2232 agmen

166 2240 281 2300 mutua
304 2237 501 2302 salutatione
523 2237 610 2302 facta
634 2238 712 2319 coit,
739 2237 1005 2320 inperpetuum,
1032 2238 1069 2299 ut
1091 2235 1345 2319 arbitrabantur,

166 2325 339 2388 concordia
363 2327 401 2389 et·
418 2346 497 2408 pace
521 2327 661 2391 firmata.

640 2542 647 2553 ·
676 2509 757 2577 (lar.
779 2508 835 2574 IX.

133 2640 146 2686 1
258 2623 319 2689 Sed
347 2622 413 2690 iam
440 2626 517 2691 fatis
547 2626 801 2690 admovebantur
828 2623 1043 2689 Macedonum
1071 2623 1163 2708 genti
1191 2623 1284 2688 bella
1306 2621 1384 2689 01-28

167 2715 259 2796 vilia,
282 2737 357 2778 nam
383 2720 415 2779 et
433 2715 623 2779 insociabile
642 2719 693 2779 est
713 2735 850 2798 regnum
870 2718 902 2777 et
921 2737 940 2778 a
957 2713 1104 2796 pluribus
1124 2712 1346 2794 expetebatur.

131 2803 312 2867 aPrimum
349 2824 425 2886 ergo
464 2804 621 2869 conlisere
654 2803 751 2886 vires,
787 2802 902 2867 deinde
935 2802 1168 2884 disperserunt:
1207 2805 1241 2866 et
1275 2823 1345 2866 cum

167 2891 313 2974 pluribus
342 2912 472 2974 corpus,
505 2914 601 2976 quam
629 2892 791 2975 capiebat,
822 2891 973 2972 capitibus
1001 2894 1207 2972 onerassent,
1239 2894 1344 2954 cetera

205 3107 247 3155 17.
261 3116 347 3168 spera
361 3100 570 3168 abrumpere,
585 3099 729 3154 nachclas-
819 3104 861 3152 23.
881 3099 948 3152 coa't
965 3098 1091 3152 n'amlich
1109 3097 1198 3152 altera
1235 3096 1343 3153 Gleich·

168 3172 242 3226 sisch
256 3171 301 3225 fur
319 3171 470 3239 abscidere,
485 3171 651 3238 praecidere,
669 3171 729 3225 adi·
783 3169 942 3224 bedentend
959 3170 1054 3223 warde
1076 3169 1136 3222 sein
1158 3169 1215 3223 dac
1232 3171 1343 3240 cymino

166 3260 236 3298 mere
254 3258 335 3311 apem.
783 3241 905 3294 interae
928 3241 1020 3294 coiere.
1056 3238 1164 3308 Vgl.9.
1186 3245 1228 3294 15.
1254 3269 1290 3280 -
1311 3243 1343 3293 at

204 3337 245 3386 13·
268 3332 507 3400 maestanda,
548 3330 728 3384 Anderwgrg,
783 3312 1053 3367 arbitrabantur.
1091 3309 1201 3365 Ebenso
1222 3316 1246 3365 5.
1263 3317 1289 3364 2.
1304 3316 1343 3364 12.

167 3404 231 3472 eagt
250 3401 292 3456 Oa
312 3403 387 3456 iusta
406 3403 597 3471 (per-holcen.
996 3433 1059 3489 aar.
1079 3434 1126 3490 lx,

205 3498 727 3569 19.exerasaapaiaesafaaaeaao.
820 3530 844 3578 1·
863 3524 1073 3578 ,mocpapng
1111 3521 1176 3593 νει,
1197 3523 1263 3578 Tac,
1282 3539 1342 3578 ann.

167 3569 232 3638 Vgl.
252 3571 398 3639 imperium
415 3570 456 3636 ac',
475 3571 555 3625 caede
573 3585 700 3625 caecare.
785 3600 826 3648 13·
843 3600 876 3648 Π
895 3595 1054 3650 imm-appe
1070 3610 1185 3663 mmm,
1199 3595 1342 3649 mm,

203 3672 245 3720 21.
271 3683 358 3736 spem
376 3667 729 3735 iadolis=eapectatia
783 3671 829 3720 tes.
860 3664 1060 3720 SchonLivius
1078 3664 1192 3719 hatdaa
1207 3664 1297 3720 Wart.
1312 3695 1343 3704 -

166 3754 227 3792 aem
245 3739 278 3792 de
299 3739 397 3792 indole.
435 3737 544 3806 Vgl.7.
566 3743 598 3792 10
622 3738 731 3806 speide
784 3736 829 3789 Et
850 3778 877 3791 ..
897 3736 983 3789 ctist
1006 3736 1166 3791 adversativ
1190 3754 1225 3789 zu
1244 3736 1343 3791 fassen.

167 3825 228 3877 repe
259 3813 410 3878 conceptae.
444 3839 477 3846 —
514 3823 731 3877 suppressae,
820 3806 1343 3876 2.eaala'sereci,c·es=effecere‚at

166 3880 272 3936 libers:
287 3878 555 3946 verdunlrelt,in
566 3878 732 3933 Schatten
785 3878 989 3932 caalidereatac
1005 3879 1084 3933 uires.
1121 3876 1158 3931 So
1176 3879 1295 3945 diffudit
1312 3901 1342 3922 =

167 3952 323 4020 gestellt.
365 3949 504 4006 Aehnlich
532 3957 557 4006 4.
583 3956 624 4006 10.
648 3956 665 4005 5
692 3950 733 4003 im
785 3950 886 4016 effecit,
904 3954 936 4002 at
953 3950 1176 4016 diffunderentur
1194 3954 1219 4003 5.
1235 3955 1270 4003 37
1289 3946 1343 4003 und

168 4022 358 4090 eigentlichen
373 4023 457 4077 Sinna
476 4023 546 4076 lana
563 4023 617 4077 sole
632 4022 731 4090 premi
786 4021 874 4074 unten
893 4021 1017 4075 coadidit
1030 4025 1045 4086 ξ
1060 4026 1085 4075 5.
1118 4018 1182 4088 Vgl.
1197 4021 1272 4074 auch
1285 4035 1343 4074 cca·

168 4097 223 4146 tar.
248 4121 282 4132 -
308 4095 452 4148 tertiam.
489 4092 541 4146 Die
560 4092 662 4146 beiden
684 4110 731 4146 an·
786 4091 851 4146 aiaa
873 4092 965 4160 pluria
986 4091 1088 4158 fratres
1116 4089 1187 4144 Stat.
1207 4089 1295 4144 Theb.
1319 4095 1342 4143 6.

168 4164 237 4218 dern
255 4180 349 4218 waren
365 4163 513 4218 Perdiccas
532 4163 589 4216 und
606 4162 731 4217 Leonna-
785 4167 846 4215 435.
863 4192 896 4202 -
910 4162 1099 4230 capitibus,
1117 4160 1206 4229 vergl.
1223 4165 1238 4226 ξ
1253 4166 1271 4214 4
1289 4158 1344 4214 und

168 4240 223 4288 tus.
257 4232 423 4289 Craterusu.
434 4234 585 4303 Antipater
598 4233 731 4287 kommen
785 4238 809 4287 6.
826 4237 850 4287 9.
865 4237 899 4285 28
915 4238 1043 4286 traceam
1060 4246 1160 4299 corpas
1176 4231 1284 4300 dempto
1301 4247 1343 4286 aa·

168 4305 198 4357 in
221 4305 329 4360 diesem
351 4304 429 4359 Falla
453 4305 532 4360 nieht
549 4302 580 4357 in
597 4303 731 4360 Batracht
780 4303 856 4370 pira
872 4307 912 4356 10.
924 4308 948 4357 6.
958 4309 983 4357 8.
998 4304 1088 4371 capite
1101 4317 1170 4370 epae
1183 4307 1230 4356 est.
1253 4301 1343 4357 Ueber

170 4379 203 4442 (s.
224 4382 247 4430 7.
267 4379 303 4444 9).
784 4373 943 4442 capiebat
961 4389 981 4427 s.
1001 4379 1026 4427 5.
1045 4379 1137 4440 2133.
1159 4378 1200 4427 12.
1217 4378 1262 4439 25.
1277 4391 1302 4428 u
1317 4377 1341 4428 δ.
