2790 4792
317 237 571 294 HISTORIARUM
588 238 803 294 ALEXANDRI
821 238 859 306 V,
879 244 920 294 10.
941 245 982 293 11.
1172 240 1238 306 205

58 405 225 489 ceterique
252 405 429 489 parricidae
456 405 702 489 procumbentes
726 404 832 488 -humi,
865 427 961 490 quem
983 407 1081 489 paulo
1104 410 1180 491 post
1201 409 1236 472 in

58 493 200 559 vinculis
232 493 376 557 habituri
407 497 513 576 erant,
551 494 730 559 sustinuere
761 495 921 577 venerari,
952 495 1102 559 lacrimas
1139 498 1236 561 etiam

59 582 281 667 paenitentiae
303 581 424 645 indices
446 582 672 666 profuderunt:
697 582 775 646 adeo
794 582 944 648 humanis
963 585 1103 668 ingeniis
1121 589 1236 668 parata

60 670 225 736 simulatio
266 673 322 734 est.
375 669 490 734 Preces
530 671 643 735 deinde
680 671 868 753 suppliciter
904 673 1053 737 admotae
1085 671 1236 756 Dareum,
1256 694 1289 743 14

59 763 179 825 natura
202 758 380 842 simplicem
403 761 437 822 et
458 759 582 843 mitem,
609 781 677 824 non
700 759 827 824 credere
850 761 960 843 modo,
984 783 1064 843 quae
1087 760 1235 825 adfirma-

58 848 152 931 bant,
187 848 242 911 sed
269 847 344 911 flere
372 848 469 912 etiam
493 851 677 933 codgerunt.
722 848 770 911 Ac
793 852 927 912 netum
951 849 1078 931 quidem
1102 851 1236 934 cogitati
1256 872 1288 921 15

60 935 189 1001 sceleris
217 936 387 1019 paenituit,
418 958 490 1000 cum
513 938 716 1001 intuerentur
738 938 866 1020 qualem
888 939 921 1001 et
943 957 1053 1021 regem
1076 942 1108 1001 et
1131 939 1235 1003 virum

57 1024 219 1089 fallerent.
265 1024 323 1088 Ille
347 1025 489 1108 quidem,
519 1047 649 1090 securus
672 1025 819 1108 periculi,
847 1026 932 1109 quod
955 1026 1112 1109 instabat,
1140 1027 1234 1091 Alex·

57 1112 153 1177 andri
176 1135 305 1196 manus,
329 1134 407 1197 quas
432 1114 516 1178 solas
539 1115 689 1196 timebat,
713 1113 852 1198 effugere
875 1115 1079 1198 properabat.

566 1289 646 1355 One.
668 1290 724 1356 XI.

10 1412 48 1476 50
147 1412 271 1476 Patron
299 1415 420 1496 autem,
453 1411 648 1478 Graecorum
675 1416 753 1498 dux,
784 1416 941 1499 praecipit
968 1417 1047 1499 suis,
1075 1419 1111 1479 ut
1134 1430 1267 1499 arma,1

57 1522 140 1585 quae
169 1501 206 1565 in
229 1502 362 1565 sarcinis
386 1505 482 1566 antea
504 1502 704 1587 ferebantur,
736 1504 919 1586 induerent,
947 1504 988 1567 ad
1016 1526 1109 1569 omne
1132 1505 1232 1588 impe·

55 1590 141 1655 rium
175 1612 268 1655 suum
300 1591 406 1673 parati
437 1595 470 1655 et
496 1591 624 1656 intenti.
668 1591 741 1675 Ipse
770 1613 899 1656 currum
925 1593 1011 1676 regis
1039 1594 1267 1677 sequebatura

57 1679 223 1743 occasioni
244 1679 414 1743 imminens
434 1680 628 1763 adloquendi
647 1702 728 1763 eum,
752 1680 869 1765 quippe
886 1678 979 1743 Bessi
997 1680 1122 1744 facinus
1141 1703 1232 1764 prae-

55 1770 214 1832 senserat.
260 1765 321 1831 sed
343 1766 464 1832 Bessus
491 1769 523 1832 id
551 1770 656 1853 ipsum
684 1770 843 1849 metuens,
875 1773 984 1832 custos
1005 1770 1112 1833 verius
1135 1791 1232 1854 quam

56 1877 181 1940 comeS,
204 1879 224 1920 a
246 1877 340 1919 curru
363 1877 429 1921 non
451 1857 631 1922 recedebat.
667 1856 732 1920 Diu
755 1878 833 1942 ergo
856 1856 979 1920 Patron
1002 1859 1171 1921 cunctatus
1195 1871 1267 1920 aea

57 1945 187 2028 saepius
211 1965 358 2008 sermone
380 1948 562 2031 revocatus,
593 1946 678 2009 inter
704 1945 799 2009 fidem
822 1945 1035 2028 timoremque
1057 1944 1232 2027 haesitans,

54 2053 168 2118 regem
199 2032 395 2097 intuebatur.
442 2033 503 2108 Qui
532 2038 569 2098 ut
598 2033 728 2097 tandem
756 2033 894 2097 advertit
920 2035 1043 2117 oculos,
1067 2033 1265 2098 -Bubacenl

57 2122 238 2205 spadonem
264 2122 349 2185 inter
375 2123 539 2205 proximos
568 2144 695 2186 currum
719 2126 906 2207 sequentem
929 2123 1112 2204 percontari
1134 2123 1232 2207 iubet,

56 2210 215 2295 numquid
238 2209 301 2294 ipsi
323 2210 402 2274 velit
424 2210 536 2275 dicere.
581 2211 716 2294 Patron,
745 2233 779 2275 se
801 2233 890 2296 vero,
915 2212 970 2275 sed
993 2213 1124 2277 remotis
1148 2212 1231 2275 arbi-

56 2299 116 2364 tris
144 2299 235 2382 loqui
262 2299 345 2363 velle
368 2321 440 2364 cum
464 2321 515 2383 eo,
546 2299 713 2383 respondit
734 2300 904 2384 iussusque
927 2300 1060 2384 propius
1083 2300 1231 2364 accedere

57 2387 127 2452 sine
159 2388 336 2472 interprete
367 2425 405 2434 —
439 2410 515 2451 nam
544 2387 632 2452 haud
659 2388 748 2452 rudis
779 2386 919 2453 Graecae
947 2389 1080 2472 linguae
1107 2387 1231 2454 Dareus

55 2481 141 2562 erat,
165 2513 208 2523 -
242 2475 347 2560 ‘Rex',
373 2477 491 2561 inquit,
524 2475 578 2540 ‘ex
605 2495 627 2539 L
650 2477 779 2541 milibus
804 2475 1000 2541 Graecorum
1024 2490 1267 2561 supersumuso

55 2566 166 2650 pauci,
197 2565 302 2630 omnis
324 2564 475 2630 fortunae
497 2568 571 2630 tuae
595 2566 728 2630 comites
752 2568 784 2628 et
806 2565 841 2628 in
863 2565 925 2629 hoc
947 2567 1004 2628 tuo
1028 2567 1116 2628 statu
1139 2565 1232 2649 idem,

93 2779 134 2828 13.
150 2774 315 2840 babituri,
333 2773 386 2828 wie
400 2774 463 2829 wir:
483 2774 528 2828 ‘in
541 2774 617 2829 Ket
707 2781 731 2828 2.
746 2775 925 2842 imminens,
942 2773 1166 2842 ‘abpassend',
1178 2773 1232 2828 wie

54 2845 116 2899 ten
133 2863 160 2899 u
172 2844 309 2899 Banden
322 2845 467 2912 haltcn’;
486 2846 618 2900 iiberden
671 2846 842 2900 anderw'atrts
853 2845 1002 2914 immepec',
1015 2845 1231 2914 imperioudgl.

54 2915 133 2969 infin.
153 2933 176 2969 s.
194 2914 267 2969 EinL
286 2921 309 2981 ξ,
328 2916 438 2969 34b.-
449 2922 616 2984 puruto=
707 2923 732 2971 3.
747 2922 934 2982 revocatus3
955 2915 1035 2970 Sinn:
1055 2917 1232 2971 naohdemer

57 2984 243 3083 ‘geltufiqp
270 2984 380 3041 leioht
397 3006 435 3041 zu
453 2987 617 3042 Diensten
670 2986 837 3042 wiederholt
864 2986 962 3056 (durch
983 2986 1083 3058 irgend
1105 2987 1234 3042 welchen

57 3057 206 3111 stehend
229 3080 237 3124 3
269 3058 345 3111 ahnl.
374 3063 479 3126 paratu
500 3060 617 3127 pracda,
671 3058 819 3126 Umstand)
837 3074 893 3112 von
911 3057 988 3112 einer
999 3058 1110 3112 Anredo
1129 3075 1165 3112 an
1179 3059 1233 3112 den

54 3129 176 3183 victoria
193 3152 228 3173 =
246 3146 315 3198 quac
333 3130 371 3183 ud
388 3146 498 3184 manum
516 3134 563 3183 est.
671 3128 764 3198 Kbnig
782 3129 952 3198 abgehalten
969 3128 1083 3182 worden
1101 3145 1170 3194 war;
1189 3146 1233 3182 re·

94 3204 139 3253 14.
158 3200 320 3266 admotae,
338 3201 412 3268 poet.
426 3218 453 3253 u.
468 3200 618 3254 nachcl.=
671 3204 821 3264 vocotus,
848 3199 913 3254 weil
932 3216 962 3253 er
979 3198 1083 3252 bereits
1102 3198 1153 3252 auf
1168 3199 1233 3252 dem

55 3270 212 3338 addubitem
230 3271 328 3336 factae.
349 3302 379 3310 -
400 3274 525 3324 nutura
542 3273 617 3324 sim·
670 3269 761 3339 Wege
783 3270 855 3323 dazu
876 3285 1005 3338 gewesen
1026 3285 1096 3336 war,
1121 3269 1174 3322 wie
1193 3286 1232 3323 re-

50 3341 184 3409 plicem.
216 3339 344 3396 Dicselbe
358 3340 579 3396 Charakteristik
593 3348 617 3396 3.
671 3342 765 3395 cocart
783 3343 825 3407 (a)
841 3341 936 3394 scetere
954 3339 1027 3393 auch
1045 3340 1144 3408 gesagt
1162 3339 1233 3393 wird

56 3417 83 3467 2.
104 3416 147 3465 17.
671 3427 727 3465 von
741 3410 814 3476 dem,
828 3410 877 3463 der
887 3409 936 3462 das
945 3425 980 3463 sc.
991 3409 1064 3463 noch
1077 3408 1157 3464 nicht
1170 3427 1232 3464 aus·

95 3488 138 3536 15.
157 3496 295 3536 securus
319 3497 341 3534 c.
361 3496 439 3550 gen,
457 3481 529 3535 auch
548 3487 573 3536 9.
593 3487 617 3536 9.
671 3480 785 3552 geftihrt
802 3480 860 3534 hat.
881 3511 913 3518 —
933 3480 1142 3548 intuebatur,
1160 3481 1233 3535 hielt

57 3558 88 3620 8,
116 3549 156 3607 ist
177 3553 253 3621 poet.
275 3569 302 3606 u.
324 3551 432 3607 nachcl.
455 3550 501 3605 fflr
517 3568 567 3606 rec.
586 3553 619 3607 dc
671 3550 859 3619 besttndig
883 3550 958 3605 scine
986 3550 1083 3605 Blicke
1106 3550 1157 3605 auf
1178 3552 1232 3606 den

56 3624 156 3692 aliqua
174 3640 211 3677 rc.
227 3654 260 3662 -
274 3623 440 3690 iactabat,
458 3623 565 3693 betont,
584 3647 618 3668 =
672 3622 765 3693 Konig
783 3621 929 3692 gerichtet.

55 3692 618 3763 fiberseincmHaupteschwebte.
708 3700 733 3748 4.
765 3709 797 3747 sc
823 3708 909 3760 uero,
937 3691 1096 3746 ubersetze:
1129 3693 1232 3746 aller·

673 3765 771 3833 dings
790 3763 889 3817 wolle
908 3780 942 3816 er
960 3763 1012 3816 etc.
1033 3793 1066 3801 —
1091 3764 1164 3816 siue
1181 3765 1232 3816 iu·

273 3816 336 3873 Off·
354 3816 402 3874 XI·
673 3840 822 3903 terprctc
839 3834 898 3889 bez.
918 3833 977 3887 sich
995 3831 1046 3886 auf
1061 3833 1160 3901 iuquit.

94 3913 120 3961 1.
150 3906 293 3973 Patrou,
325 3923 346 3960 s.
375 3906 448 3962 oben
475 3912 500 3962 9.
525 3911 566 3961 15.
586 3937 619 3946 -
710 3911 735 3961 5.
754 3926 770 3959 n
788 3906 941 3969 milibus;
959 3902 1005 3957 die
1020 3902 1090 3957 Zahl
1102 3901 1141 3956 ist
1153 3902 1233 3956 nicht

56 3993 142 4046 quac
173 3978 211 4031 iu
240 3978 389 4032 rarctuts
415 3977 620 4046 serebantur,
675 3976 870 4048 unglaublich3
897 3992 948 4029 vor
966 3974 1015 4028 der
1034 3973 1234 4028 Schlaohtbei

59 4047 142 4102 ‘mit
178 4048 236 4102 der
271 4047 407 4119 Bagage
443 4055 620 4118 transpor-
673 4048 745 4101 Issus
772 4048 851 4102 hatte
877 4046 949 4099 nach
977 4052 1001 4100 3.
1030 4051 1055 4098 2.
1083 4050 1099 4099 9
1131 4043 1231 4097 Darius

57 4119 126 4174 tirt
142 4118 302 4185 wurden’,
327 4119 384 4190 vgl.
404 4136 484 4175 arma
500 4122 533 4174 e‘u
549 4135 619 4173 carc.
674 4123 770 4184 30,000
788 4115 892 4187 grieoh.
912 4115 1036 4171 Sbldner.
1061 4146 1094 4154 -
1118 4115 1231 4182 pauci,

57 4189 456 4245 dcl‘atuLiv.10.20.12.
491 4189 622 4245 Gemeint
674 4186 835 4242 4000Mann
850 4204 871 4241 s.
882 4193 906 4242 8.
917 4194 985 4242 3.-
1005 4186 1148 4240 comites.
1166 4183 1231 4254 vgl.

57 4260 101 4316 sin
140 4259 186 4315 dic
204 4261 379 4316 sohwcren
396 4260 619 4326 Waffensttiolre;
674 4258 747 4312 Vell.
765 4264 852 4312 2102
871 4274 985 4327 mopuuc
998 4257 1126 4323 fortunae
1139 4270 1231 4310 comcs.

57 4331 147 4387 daher
174 4330 256 4387 nicht
280 4330 374 4386 blosso
401 4330 621 4400 Wiederholung
675 4360 708 4368 —
725 4344 787 4397 pro
810 4330 930 4397 patria
957 4353 990 4372 =
1017 4326 1149 4380 anstatt
1175 4326 1232 4381 der

56 4402 108 4459 dos
125 4408 151 4460 9.
173 4408 206 4459 15
224 4402 312 4459 sehon
330 4401 479 4473 Gesagten.
674 4399 835 4454 Heimath
859 4399 925 4453 und
950 4398 1005 4451 des
1030 4396 1232 4452 htuslichen
