2790 4792
366 212 618 278 HISTORIARUM
636 221 853 277 rauranum
872 224 918 293 VI,
937 228 963 277 8.
1216 220 1258 286 33

77 385 248 470 fastigium
281 386 438 470 positum,
471 387 538 451 scio
569 409 635 452 non
662 408 765 471 aequo
799 387 906 450 animo
940 385 1079 450 salutem
1109 385 1169 450 filii
1203 386 1254 450 sni

79 474 263 538 debiturum
285 475 355 538 tibi.
392 475 557 551 Quaedam
580 476 737 540 beneficia
761 475 896 540 odimus.
932 473 1088 539 Meruisse
1113 477 1253 539 mortem
1279 497 1294 544 8

78 562 225 626 confiteri
251 563 363 646 pudet:
391 570 550 647 superest,
583 567 620 628 ut
647 563 742 629 malit
770 563 870 628 rideri
897 563 1050 627 iniuriam
1079 563 1253 648 accepisse,

78 674 175 735 quam
197 652 306 715 vitam.
347 652 485 717 Proinde
509 654 589 718 scito
613 652 676 717 tibi
700 674 772 717 cum
799 651 864 716 illis
894 652 931 716 de
960 651 1065 717 salute
1095 673 1164 716 esse
1195 674 1252 735 pu-

79 740 252 825 gnandum.
299 739 385 805 Satis
404 741 546 806 hostium
566 743 721 826 superest,
745 740 786 806 ad
809 762 888 826 quos
912 739 1151 825 persequendos
1174 741 1292 810 ituris

24 831 69 896 30
80 851 204 894 sumus:
236 830 320 893 latus
345 852 365 893 a
387 829 574 895 domesticis
597 830 747 896 hostibus
771 828 871 894 muni.
911 828 981 893 Hos
1010 830 1038 894 si
1063 850 1256 911 summoves,

79 917 161 981 nihil
175 921 285 982 metuo
301 918 341 982 ab
357 916 509 983 externo?
545 917 636 983 Haec
650 915 814 983 Craterus.
850 915 919 982 Nec
934 918 1033 982 ceteri
1050 918 1254 1001 dubitabant,
1276 940 1308 987 10

81 1007 159 1090 quin
174 1007 404 1072 coniurationis
423 1007 579 1072 indicium
599 1028 828 1091 suppressurus
841 1028 909 1071 non
926 1005 1044 1071 fuisset
1062 1007 1127 1071 nisi
1143 1010 1256 1071 auctor

81 1100 139 1159 aut
156 1096 328 1178 particeps.
366 1094 468 1171 Quem
483 1097 569 1161 enim
587 1097 677 1181 pium
696 1099 728 1160 et
752 1096 856 1160 bonae
875 1095 1008 1179 mentis,
1030 1117 1096 1161 non
1116 1095 1257 1160 amicum

83 1184 191 1268 modo,
215 1184 270 1248 sed
289 1206 327 1247 ex
346 1185 462 1249 ultima
482 1185 590 1269 plebe,
614 1184 746 1267 auditis,
769 1205 851 1269 quae
870 1183 911 1248 ad
931 1205 1004 1248 eum
1027 1184 1135 1249 delata
1155 1186 1260 1267 erant,

82 1295 149 1337 non
177 1274 322 1357 protinus
347 1273 387 1337 ad
409 1295 520 1360 regem
547 1273 648 1338 fuisse
672 1271 862 1340 cursurum?
888 1293 929 1336 ne
953 1269 1100 1336 Cebalini
1125 1272 1255 1357 quidem
1277 1295 1307 1341 11

82 1362 244 1445 exemplo,
274 1362 390 1445 quiex
417 1363 518 1428 fratre
542 1365 695 1447 conperta
722 1362 785 1446 ipsi
808 1361 1003 1445 nuntiasset,
1032 1361 1256 1426 Parmenionis

82 1451 195 1534 filium,
211 1450 410 1534 praefectum
424 1452 597 1536 equitatus,
616 1452 760 1516 omnium
774 1471 967 1515 arcanorum
980 1451 1067 1535 regis
1083 1449 1260 1515 arbitrum!

83 1541 253 1603 simulasse
281 1541 391 1623 etiam,
422 1562 489 1606 non
516 1561 649 1604 vacasse
677 1539 819 1604 sermoni
847 1561 905 1604 suo
933 1559 1057 1624 regem,
1089 1561 1129 1604 ne
1163 1539 1259 1603 index

83 1629 186 1693 alium
208 1628 441 1693 internuntium
465 1634 640 1714 quaereret
684 1627 919 1693 Nicomachum
946 1627 1105 1712 religione
1130 1649 1258 1713 quoque
1280 1649 1312 1696 12

84 1718 178 1782 deum
216 1716 408 1782 adstrictum
444 1718 675 1782 conscientiam
712 1738 804 1781 suam
841 1738 1016 1781 exonerare
1053 1738 1258 1801 properasse:

82 1805 247 1870 Philotam
267 1811 457 1891 consumpto
481 1828 540 1890 per
563 1806 675 1870 ludum
698 1805 866 1889 iocumque
889 1826 994 1888 paene
1016 1809 1087 1870 toto
1111 1805 1162 1870 die
1186 1825 1260 1891 gra·

84 1898 195 1958 vatum
218 1916 288 1958 esse
310 1917 413 1979 pauca
435 1895 534 1960 verba
556 1895 751 1980 pertinentia
775 1893 817 1958 ad
841 1897 937 1977 caput
959 1894 1046 1979 regis
1068 1897 1137 1958 tam
1160 1894 1259 1978 longo

84 1988 117 2047 et
148 1982 287 2048 forsitan
320 2005 517 2067 supervacuo
549 1985 691 2049 inserere
723 1983 873 2047 sermoni.
928 1983 975 2047 At
1006 1983 1093 2047 enim
1129 2004 1162 2047 se
1193 2004 1259 2047 non
1279 2006 1311 2053 13

85 2072 257 2137 credidisse
288 2073 369 2137 talia
402 2072 621 2137 deferentibus
657 2072 780 2157 pueris!
826 2069 893 2136 (lur
929 2071 1031 2157 igitur
1064 2071 1259 2137 extraxisset

84 2161 232 2245 biduum,
259 2164 427 2245 tamquam
449 2162 567 2228 indicio
590 2162 727 2228 haberet
752 2161 868 2226 fidem?
906 2161 1134 2227 dimittendum
1157 2159 1259 2224 fuisse

85 2248 291 2334 Cebalinum,
323 2252 351 2314 si
378 2251 573 2316 delationem
602 2252 670 2316 eius
704 2250 889 2316 damnabat
939 2249 977 2314 In
1010 2272 1068 2315 suo
1102 2270 1260 2335 quemque
1282 2272 1314 2319 14

85 2339 228 2422 periculo
243 2359 399 2424 magnum
413 2341 556 2405 animum
569 2340 696 2419 habere,
716 2360 788 2405 cum
803 2338 842 2403 de
859 2339 964 2404 salute
979 2339 1066 2423 regis
1081 2339 1260 2422 timeretur,

90 2613 121 2620 —
141 2583 301 2651 positum,
328 2583 386 2654 vgl.
416 2590 440 2638 2.
468 2589 511 2638 22.
553 2582 646 2637 Ueber
699 2589 789 2640 torum
824 2585 946 2639 omnim
982 2584 1091 2638 arbiter.
1126 2613 1159 2623 —
1195 2597 1263 2636 non

86 2653 230 2722 facticium
248 2655 303 2724 vgl.
321 2660 347 2708 4.
368 2661 391 2709 1.
413 2661 458 2722 163
477 2659 502 2710 4.
522 2660 546 2708 2.
568 2660 609 2708 19.
699 2669 844 2711 vocasse.
880 2654 934 2709 Zur
952 2653 1042 2708 Sache
1061 2672 1081 2708 1.
1103 2659 1126 2708 2.
1147 2659 1191 2707 21.

122 2738 147 2787 8.
166 2740 325 2802 superest.
361 2733 482 2788 Hiermit
502 2733 574 2788 vird
597 2733 647 2788 der
736 2748 778 2799 12.
811 2758 994 2798 exonerare
1029 2742 1119 2797 heisst
1153 2740 1261 2796 sowohl
1350 2775 1354 2782 -

87 2805 256 2874 allgemeine
270 2805 335 2860 Sata
355 2803 406 2860 auf
421 2805 476 2860 den
494 2804 647 2875 speeiellen
702 2831 766 2868 von
784 2814 879 2868 einer
897 2813 978 2869 Laut
995 2812 1155 2868 bostelen
1174 2814 1216 2882 (so
1235 2827 1263 2866 se

85 2876 148 2929 Pell
156 2876 346 2945 angewendet.
357 2875 537 2945 Vollstdndig
542 2877 647 2931 mdeste
700 2901 847 2941 exuperare
857 2892 881 2941 9,
892 2890 922 2954 93
941 2886 1064 2940 animum
1077 2884 1264 2940 eoniatudme

88 2964 117 3001 es
135 2946 258 3028 heissen:
289 2947 344 3002 ‘Da
360 2947 433 3004 anch
450 2963 484 3002 er
498 2947 646 3017 (Philotas)
700 2961 725 3010 4,
756 2963 797 3011 13,
824 2960 883 3027 22),
912 2955 954 3012 ale
982 2956 1054 3011 euch
1082 2956 1157 3010 eine
1181 2953 1264 3009 Last

85 3018 164 3087 jener
180 3018 410 3086 Emgestdndnise
429 3018 550 3074 scheuen
567 3018 646 3087 wind,
700 3027 933 3083 abgohflttelm
993 3025 1029 3082 So
1070 3028 1134 3097 uage
1176 3025 1263 3081 sehon

88 3106 118 3143 80
132 3089 170 3142 ist
182 3107 235 3142 nur
249 3090 298 3143 der
311 3091 433 3160 Ausweg
445 3089 489 3144 fdr
504 3089 555 3144 lhn
568 3095 646 3160 mbg·
700 3098 806 3154 Livius:
825 3115 972 3155 amare
988 3099 1077 3166 fidem,
1096 3113 1173 3152 emon.
1193 3097 1261 3150 mul·

88 3160 159 3227 lich,
187 3159 252 3243 dass
276 3161 329 3216 etc.
353 3193 386 3201 —
413 3178 508 3231 quam
534 3161 645 3244 uitam.
700 3171 845 3225 titudinem
857 3170 1036 3234 inconditam,
1045 3169 1120 3222 noch
1131 3167 1261 3248 haufiger

88 3230 152 3299 Vgl.
181 3247 303 3300 occepere
333 3234 447 3287 1111111111
476 3233 510 3286 ab
544 3233 646 3301 aliquo,
700 3240 794 3295 haben
818 3240 895 3295 disse
923 3240 1037 3294 letatere
1062 3237 1261 3293 Construkuon

89 3300 145 3356 Cio.
160 3301 195 3355 de
209 3302 282 3356 dom.
295 3309 357 3370 1343
372 3305 536 3358 durevttam
550 3303 646 3370 alienet,
700 3310 746 3365 die
773 3308 889 3366 Dichter
920 3310 977 3364 und
1007 3309 1162 3366 nachclass.
1193 3309 1265 3364 Pro-

90 3371 163 3425 Vell.
184 3378 208 3428 2.
228 3378 271 3426 52.
700 3380 801 3437 seiher.
817 3411 850 3422 -
867 3397 926 3449 per
944 3381 1059 3436 ludam
1076 3381 1264 3450 iocumque,

126 3456 151 3505 9.
166 3452 205 3505 ab
219 3457 368 3519 caterno,
381 3451 465 3508 111111.
480 3453 560 3506 hoste.
582 3453 646 3523 Vgl.
701 3450 909 3522 hyperboliscb.
948 3451 975 3507 S.
996 3457 1020 3508 7.
1041 3457 1081 3507 19.

90 3527 203 3576 externa
220 3524 250 3577 vi
269 3530 293 3579 7·
313 3530 337 3577 1·
739 3547 780 3597 13.
800 3557 859 3596 cur
877 3541 1000 3611 iqitur,
1022 3541 1075 3595 wie
1092 3558 1160 3596 uum
1177 3543 1265 3612 luitur

127 3601 649 3659 10.11’11“11111111.11111.11111111
705 3617 744 3666 ιο,
766 3617 807 3668 18,
832 3643 866 3652 -
889 3614 1107 3670 extraxisset,
1150 3612 1264 3668 Direkt:

90 3674 258 3728 1111111111
276 3676 362 3730 unten
382 3680 424 3728 11.
443 3679 486 3731 39.
506 3706 540 3715 -
559 3690 650 3743 quem
703 3685 832 3739 extruxit.
860 3681 1185 3754 Dercennexrerlangt,
1201 3684 1265 3740 dass

90 3746 184 3801 euim.
216 3745 326 3800 Ebenso
345 3744 461 3816 beginnt
477 3745 523 3801 die
537 3762 576 3800 or.
593 3745 648 3801 obl.
703 3769 769 3808 man
796 3753 910 3809 bidem
931 3755 974 3810 als
1003 3772 1059 3811 200,
1085 3757 1171 3825 temp,
1194 3755 1266 3811 fasse

93 3821 134 3870 10.
155 3821 179 3869 ὅ.
199 3821 241 3870 22.
703 3824 761 3878 und
784 3839 827 3880 coe
850 3825 977 3896 snpplirt.
1020 3825 1081 3880 Dan
1104 3825 1263 3896 Gegeneatz

129 3901 171 3949 11.
188 3894 558 3964 Oebaliae..caemplo,
576 3895 650 3951 nach
704 3913 738 3949 au
762 3896 901 3951 1111111111
927 3895 1142 3951 ‘hinhalten'
1174 3895 1266 3952 bildet

92 3967 156 4019 dem
176 3966 310 4036 Vorgang
327 3967 375 4021 des
393 3965 552 4022 Cebalinus.
586 3966 650 4037 Vgl.
705 3967 756 4021 das
785 3966 916 4036 folgende
948 3967 1139 4021 dimittendum
1170 3967 1263 4033 fuisse.

93 4036 148 4091 Cic.
168 4036 202 4089 de
220 4053 279 4107 rep.
298 4043 323 4092 2.
339 4044 372 4093 31
391 4039 510 4108 exemplo
530 4038 652 4107 Pompili
705 4037 769 4108 Vgl.
789 4037 848 4094 Liv.
868 4043 893 4095 2.
912 4043 954 4094 23.
975 4043 1008 4092 12
1027 4037 1102 4091 cludi
1120 4042 1200 4107 utque
1219 4053 1261 4093 ea·

90 4109 225 4176 populum
243 4110 386 4163 musuluit.
414 4108 471 4163 Α1ι
489 4109 576 4176 faisse
592 4125 651 4164 111-
704 4111 780 4164 11111·
793 4110 973 4164 &multitudo
983 4113 1093 4192 putore.
1113 4108 1264 4163 Ueblicher

92 4195 189 4232 curum
210 4178 249 4233 ist
271 4181 422 4234 1111111νὲ111
448 4197 484 4234 11
506 4184 651 4263 erghmen.
704 4179 743 4234 iet
766 4181 811 4235 die
831 4179 1029 4235 Construlrtron
1051 4181 1191 4236 1111111111
1210 4197 1266 4235 rem

93 4248 145 4302 Die
175 4248 298 4319 Spraehe
327 4249 377 4305 der
402 4250 584 4321 [ndignatron
614 4251 653 4306 iet
704 4251 773 4308 oder
795 4256 863 4307 eatr.
1020 4267 1054 4306 rc
1081 4252 1206 4322 aliquo.
1231 4282 1264 4292 -

93 4322 288 4390 naturgemtss
315 4320 377 4375 eine
404 4321 590 4393 abgeriesene.
617 4353 653 4363 —
704 4323 893 4379 damnabat.
956 4323 1022 4378 eber
1040 4316 1086 4378 die
1104 4321 1226 4378 Redent
1240 4323 1273 4376 1.

94 4392 267 4446 arbitrum.
295 4390 502 4449 Elbens03.12.
520 4399 653 4450 1111111
704 4394 1008 4452 Wortess.d.llote
1024 4399 1206 4476 11111.
1296 4332 1328 4511 1

148 4492 236 4539 Vocnn,
253 4490 275 4538 Q.
291 4488 390 4532 eurum.
416 4481 449 4533 Π.
1063 4488 1084 4537 b
