2790 4792
154 207 196 270 36
606 207 636 272 Q.
657 206 769 262 OURTI
787 207 873 261 RUFI

119 392 135 439 3
157 371 278 454 optime
302 371 426 435 meritis
452 371 572 437 referre
595 370 698 434 adhuc
725 371 866 454 gratiam
893 370 1010 454 posse'.
1055 369 1235 453 Interrupit
1260 394 1332 436 ora-

153 460 277 524 tionem
305 459 446 523 militum
479 461 621 545 gemitus
650 459 848 543 obortaeque
879 463 954 524 sunt
982 459 1131 524 omuibus
1164 459 1332 525 lacrimae.

153 548 236 613 Tum
258 569 327 632 rex,
351 547 513 631 ‘Quanto’‚
535 549 655 632 inquit,
679 546 846 613 ‘maiorem
869 549 904 613 in
925 549 1042 613 animis
1060 548 1178 613 vestris
1202 552 1331 613 motum

153 636 314 715 excitabo,
338 658 410 701 cum
433 638 518 702 tanti
541 636 672 701 sceleris
696 640 843 702 auctores
867 637 1051 703 ostendero!
1079 659 1218 720 quorum
1241 660 1331 702 men-

152 725 274 790 tionem
299 725 404 790 adhuc
430 725 604 790 reformido
629 729 676 808 et,
703 728 869 810 tamquam
897 726 979 791 salvi
1007 747 1076 790 esse
1103 726 1245 810 possint,
1274 750 1331 791 no

37 844 38 849 ¹
117 814 294 883 rmnibus
323 814 482 879 abstineo.
528 812 590 878 Sed
617 813 774 879 vincenda
803 818 852 880 est
879 816 1035 880 memoria
1061 815 1221 897 pristinae
1248 817 1330 880 cari·

152 904 231 967 tatis
269 907 303 968 et
337 903 518 968 coniuratio
558 903 721 987 inpiorum
757 904 876 968 civium
912 902 1098 988 detegenda.
1157 903 1330 979 Quomodo

152 994 261 1056 autem
283 994 412 1055 tautum
434 992 526 1056 nefas
550 990 687 1056 sileam?
722 992 908 1075 Parmenio,
931 992 989 1056 illa
1012 995 1132 1075 aetate,
1160 996 1212 1056 tot
1237 994 1331 1078 meis,

151 1084 203 1144 tot
229 1081 374 1164 parentis
403 1081 466 1145 mei
495 1081 619 1145 meritis
648 1080 833 1166 devinctus,
859 1080 1002 1145 omniurn
1030 1080 1124 1145 nobis
1149 1082 1330 1146 amicorum

117 1189 133 1238 5
152 1169 407 1253 vetustissimus,
430 1169 543 1235 ducem
567 1191 602 1234 se
625 1169 740 1234 sceleri
762 1172 855 1234 tanto
878 1170 1037 1255 praebuit.
1081 1168 1234 1234 Minister
1258 1171 1330 1235 eius

95 1323 99 1334 ,
151 1256 300 1322 Philotas
328 1256 525 1322 Peucolaum
553 1261 586 1322 et
612 1257 816 1323 Demetrium
845 1262 879 1323 et
909 1258 995 1322 buno
1022 1259 1203 1343 Dymnum,
1237 1260 1329 1325 cuius

151 1367 267 1430 corpus
287 1346 470 1430 adspicitis‚
493 1349 681 1430 ceterosque
700 1346 841 1411 eiusdem
860 1347 1021 1412 amentiae
1044 1347 1080 1411 in
1097 1352 1196 1432 caput
1218 1370 1330 1413 meum

116 1435 363 1509 asubornavit'.
418 1434 580 1500 Fremitus
611 1435 752 1521 undique
783 1436 1022 1520 indignantium
1057 1437 1327 1522 querentiumque
1340 1439 1381 1502 33

150 1527 223 1587 tota
250 1524 400 1589 contione
436 1524 659 1607 obstrepebat,
692 1524 798 1608 qualis
831 1525 916 1591 solet
948 1546 1017 1589 esse
1043 1525 1267 1591 multitudinis
1296 1531 1330 1590 et

117 1637 132 1685 7
151 1611 290 1676 maxime
313 1613 480 1696 militaris,
503 1613 561 1684 ubi
584 1617 641 1678 aut
664 1612 770 1678 studio
794 1613 903 1698 agitur
926 1617 984 1678 aut
1005 1613 1064 1679 ira.
1105 1613 1328 1679 Nicomachus

152 1699 268 1765 deinde
296 1708 329 1766 et
350 1700 480 1767 Metron
508 1705 541 1766 et
563 1699 738 1767 Cebalinus
766 1701 929 1785 producti,
961 1724 1043 1785 quae
1071 1702 1207 1786 quisque
1236 1703 1329 1768 detu-

150 1789 247 1873 lerat,
275 1792 448 1875 exponunt.
494 1789 624 1856 Nullius
652 1812 764 1856 eorum
791 1791 912 1856 indicio
934 1790 1082 1855 Philotas
1111 1791 1196 1856 inter
1226 1794 1330 1875 parti·

152 1879 238 1962 cipes
262 1878 392 1945 sceleris
415 1879 650 1945 destinabatur.
694 1878 810 1964 Itaque
838 1878 1062 1964 indignatione
1086 1901 1240 1963 expressa
1263 1905 1329 1946 vox

112 1967 282 2042 gsilentio
306 1973 440 2052 excepta
467 1971 527 2032 est.
571 1968 655 2032 Tum
681 1990 751 2052 rex,
779 1967 928 2051 ‘Qualis',
954 1968 1074 2052 inquit,
1103 1967 1193 2053 ‘ergo
1224 1970 1329 2035 animi

150 2057 245 2121 robis
268 2057 409 2139 videtur,
439 2057 495 2140 qui
516 2057 613 2121 huius
636 2057 684 2122 roi
711 2057 854 2122 delatum
876 2056 1031 2121 indicium
1054 2056 1095 2120 ad
1117 2057 1226 2140 ipsum
1251 2081 1328 2144 sup-

115 2145 295 2228 opressit?
337 2144 430 2221 Quod
452 2167 518 2210 non
540 2145 641 2209 fuisse
664 2167 785 2210 vanum
807 2144 928 2229 Dymni
951 2145 1055 2210 exitus
1079 2144 1231 2216 declarat.
1274 2147 1330 2211 In-

151 2238 273 2298 certam
300 2255 370 2298 rem
398 2232 545 2299 deferens
572 2236 736 2300 tormenta
758 2256 825 2299 non
852 2233 964 2298 timuit
987 2231 1174 2317 Cebalinus,
1201 2222 1330 2300 Metron

150 2345 190 2386 ne
214 2327 414 2387 momentum
442 2321 572 2406 quidem
598 2323 755 2405 temporis
783 2321 912 2387 distulit
935 2344 1108 2387 exonerare
1136 2345 1184 2405 se,
1213 2328 1251 2389 ut
1279 2347 1329 2407 eo,

150 2411 207 2475 ubi
238 2411 387 2495 lavabar,
420 2412 632 2496 inrumperet:
669 2411 818 2477 Philotas
851 2412 938 2475 solus
971 2410 1052 2474 nihil
1084 2411 1208 2494 timuit,
1241 2413 1328 2477 nihil

99 2527 132 2575 10
152 2499 295 2565 credidit.
340 2499 368 2575 O
391 2500 505 2584 magni
528 2500 629 2565 animi
652 2501 772 2564 virum!
808 2499 876 2565 Iste
897 2500 985 2585 regis
1012 2500 1157 2583 periculo
1182 2522 1328 2567 commo-

150 2592 295 2671 reretur,
317 2590 444 2654 vultum
468 2592 622 2672 mutaret,
644 2588 783 2654 indicem
805 2592 916 2653 tantae
934 2589 981 2652 rei
1005 2588 1164 2652 sollicitus
1184 2590 1328 2655 audiret!

186 2823 211 2870 3.
229 2818 319 2871 solet
342 2832 418 2871 esse.
456 2815 536 2871 Sinn:
560 2816 601 2870 als
624 2816 711 2870 obes
764 2817 945 2884 mootmeqac,
968 2819 993 2868 et
1011 2817 1161 2885 praecepere
1179 2834 1207 2871 u.
1226 2820 1273 2887 a).
1293 2850 1327 2858 -

150 2886 224 2941 noch
237 2887 362 2957 mtglich
376 2892 459 2954 ware,
474 2887 617 2940 sieeurem
627 2886 710 2940 Rich·
764 2892 824 2942 aar
840 2887 956 2941 studio
975 2891 1033 2940 out
1050 2887 1112 2940 ira.
1150 2887 1236 2942 Beide
1257 2889 1328 2943 Sub-

76 2978 78 2982 *
150 2957 314 3026 tersprucbe
330 2974 363 3011 au
377 2956 530 3011 entaiehcn.
558 2957 661 3011 Saloca
672 2957 711 3011 ist
764 2957 888 3013 stantius
914 2956 1026 3011 werden
1053 2957 1149 3026 htufig
1175 2958 1206 3012 in
1234 2959 1329 3015 dieser

152 3027 260 3082 sowohl
273 3028 322 3082 der
331 3027 567 3097 Freigesprochne
581 3028 623 3080 als
638 3028 711 3081 auch
764 3026 1009 3098 gegensttclichen
1025 3026 1192 3098 Bodeutung
1205 3030 1328 3098 (Liebe

152 3098 201 3153 der
218 3098 249 3153 in
265 3098 474 3168 Ermangelung
491 3097 711 3152 ausreichenden
764 3100 821 3153 und
839 3098 942 3163 Hans)
960 3100 1244 3169 zusammengestellt.

152 3169 307 3224 Vardachts
322 3169 462 3240 garnicht
471 3169 524 3222 mit
534 3168 610 3222 einer
619 3169 709 3240 Klage
800 3176 824 3225 7.
844 3170 1027 3234 detulerat,
1049 3169 1174 3223 ntmlich
1196 3171 1237 3224 im
1255 3172 1327 3227 Vor-

152 3241 318 3311 Bcbelligte.
762 3241 872 3295 verbor.
892 3271 926 3280 —
944 3255 1104 3307 expressa
1122 3257 1198 3307 roa,
1222 3261 1244 3296 s.
1265 3248 1280 3308 ς
1300 3251 1326 3298 6.

186 3317 211 3365 4.
222 3314 381 3381 quomodo
395 3317 511 3367 autem.
529 3311 709 3366 Uebcrsetae:
798 3316 823 3366 8.
842 3312 1003 3377 delatam,
1029 3311 1125 3365 scharf
1144 3312 1245 3367 betont
1267 3316 1327 3368 und

152 3382 232 3437 oder
246 3383 299 3438 wie
313 3384 419 3438 konnte
433 3383 480 3436 ich
492 3383 545 3436 etc.
571 3381 710 3436 Aehnlich
763 3380 851 3435 daher
870 3398 920 3436 vor
942 3380 992 3435 das
1012 3381 1175 3437 Substantiv
1198 3385 1325 3453 gestellt.

153 3454 231 3508 steht
248 3456 380 3522 quomodo
398 3459 488 3508 cutem
504 3454 535 3506 in
553 3454 602 3507 der
619 3452 709 3534 Frage
764 3452 931 3522 Gegematz:
950 3453 1085 3506 iodicium
1098 3457 1266 3522 quamtum,
1281 3458 1325 3511 in-

152 3524 199 3578 bei
213 3523 268 3579 Cio.
288 3525 322 3578 dc
336 3525 392 3580 div.
408 3531 433 3579 2.
449 3531 507 3579 146.
540 3525 640 3578 Auum
657 3522 710 3577 bil·
763 3524 931 3593 vcstipotrrm.

151 3594 201 3648 det
227 3596 281 3650 deu
304 3595 519 3665 sagensaaau
542 3594 633 3648 einem
660 3610 710 3647 aus
799 3594 1134 3662 9.quod..declarat.
1163 3595 1218 3649 Ein
1231 3597 1325 3652 nichts

150 3682 225 3720 mem.
247 3667 329 3736 prist.
353 3666 479 3721 caritatis
503 3665 710 3719 vorschweben-
765 3664 1324 3735 beweisendesnrgument.Vgl.7.31etc.

151 3737 711 3806 densellemeqaidem.—illaoetate,
766 3765 799 3775 -
830 3737 982 3802 distulit,
1012 3751 1046 3790 er
1076 3738 1246 3792 verschob
1279 3755 1326 3806 cs,

152 3808 177 3861 d.
201 3808 228 3861 h.
251 3808 298 3863 bei
321 3808 418 3862 seinen
440 3813 474 3862 ‘10
496 3806 601 3861 Jahrcn
624 3807 660 3875 (7.
685 3812 709 3860 2.
764 3807 1029 3876 atgertedamit
1057 3807 1138 3861 Auch
1152 3808 1326 3865 Liviusver-

151 3880 206 3949 33),
764 3876 862 3932 bindet
889 3877 1015 3931 zweimal
1042 3878 1152 3945 differre
1179 3881 1233 3935 mit
1260 3882 1326 3936 dem

188 3955 212 4004 t.
247 3950 390 4005 eiusdem
427 3949 607 4013 amentiae,
647 3965 709 4017 gen.
763 3946 838 4002 infin.
857 3948 931 4003 nach
949 3948 1087 4018 Analogia
1109 3966 1165 4004 von
1188 3954 1324 4007 coactori.

151 4020 227 4089 qual.
258 4019 323 4090 Vgl
338 4019 394 4074 Cic.
412 4019 443 4074 in
460 4017 542 4073 Catil.
563 4024 585 4073 1.
606 4025 622 4074 8
641 4020 709 4074 eiua-
764 4018 1200 4078 —Uebereaonerarcses.8.
1222 4029 1264 4078 12.

153 4093 214 4145 dem
231 4092 365 4146 amandae
382 4092 476 4145 socios.
802 4094 843 4145 10.
858 4096 1118 4146 commoveretur.
1143 4092 1323 4149 Uebersetze:

189 4168 213 4217 6.
228 4159 711 4216 etmacime=undawarvor-
764 4161 1079 4216 httte...sollen.
1116 4163 1325 4234 Aehnlichcyo

153 4232 335 4286 nehmlioh.
381 4230 461 4285 Auch
493 4229 539 4283 die
571 4228 712 4284 Classilrer
764 4232 816 4286 tabi
847 4232 1000 4287 irascerer?
1024 4259 1058 4278 =
1083 4232 1140 4288 ‘ich
1172 4234 1254 4289 httte
1282 4236 1325 4288 dir

149 4302 245 4353 setaan
262 4303 293 4355 in
313 4302 419 4356 diesem
432 4301 511 4356 Folle
525 4298 604 4354 nicht
622 4300 712 4356 salton
764 4307 866 4357 atmen
884 4303 1003 4358 sollen?’
1032 4303 1078 4358 bei
1097 4303 1153 4358 (lic.
1178 4306 1215 4360 ad
1235 4307 1268 4372 Q.
1291 4306 1323 4358 fr.

138 4368 188 4422 die
214 4369 495 4442 Copulatirpartikel
521 4373 561 4440 (et
586 4373 715 4442 mxime,
765 4378 793 4430 1.
809 4380 836 4428 3.
854 4379 880 4428 1.
