2790 4792
371 241 628 297 HISTORIARUM
647 243 866 298 ALEXANDRI
883 246 935 314 III,
955 251 979 300 8.
1222 245 1265 310 85

80 423 145 486 que
158 400 416 486 Mesopotamiae
441 425 573 488 campos
597 409 771 488 repeteret:
796 407 824 470 si
845 406 878 470 id
897 407 1068 472 consilium
1088 408 1265 495 damnaret,

81 495 117 555 at
148 491 204 555 ille
236 491 394 557 divideret
424 494 541 557 saltem
572 494 683 577 copias
711 495 962 560 innumerabiles
990 518 1054 560 neu
1081 497 1140 560 suh
1165 519 1265 561 unum

79 578 234 682 fortunae
256 580 357 646 ictum
379 585 467 646 totas
490 582 576 647 vires
598 582 691 668 regni
714 580 826 647 cadere
850 587 1025 667 pateretur.
1069 584 1178 649 Minus
1201 586 1265 650 hoc
1283 608 1299 655 3

79 689 158 822 {it
176 671 1264 845 reuerurrrurulrlrlaueneratur

78 846 178 931 velle,
210 868 308 931 quam
341 851 379 911 ut
404 847 468 930 ipsi
495 848 531 911 in
558 847 685 912 diversa
712 848 863 933 digressi,
896 850 924 912 si
952 849 1028 933 quid
1056 851 1264 914 commissum

79 938 177 1018 esset,
199 935 366 1000 traderent
379 934 579 1000 Alexandro:
601 936 684 1000 nihil
706 937 809 1001 tutius
828 936 907 1021 fore,
931 959 1029 1021 quam
1048 939 1263 1004 circumdatos

78 1044 137 1088 eos
162 1024 305 1088 exercitu
328 1027 400 1088 toto
424 1024 518 1088 obrui
540 1024 624 1106 telis,
648 1024 875 1089 documentum
894 1046 961 1090 non
975 1026 1097 1090 inultae
1111 1027 1264 1110 perfidiae

78 1111 219 1177 futuros.
260 1111 308 1176 At
329 1111 465 1196 Dareus,
487 1115 525 1176 ut
548 1116 618 1176 erat
642 1117 772 1178 sanctus
796 1135 834 1178 ac
857 1114 955 1198 mitis,
979 1137 1013 1179 se
1037 1137 1113 1179 vero
1136 1120 1300 1183 tantuma

77 1200 206 1265 facinus
229 1203 329 1286 negat
352 1222 422 1265 esse
445 1199 621 1284 factmum,
643 1204 681 1265 ut
703 1224 794 1266 suam
819 1205 946 1266 secutos
969 1203 1081 1288 fidem,
1106 1224 1183 1268 suos
1206 1204 1264 1267 rni-

77 1291 155 1355 lites
179 1290 292 1354 iubeat
313 1289 476 1354 trucidari.
522 1288 625 1364 Quem
648 1289 761 1354 deinde
786 1291 925 1374 amplius
947 1293 1118 1356 nationum
1141 1296 1300 1361 extera-u

77 1401 154 1443 rum
187 1378 324 1443 salutern
356 1400 449 1442 suam
479 1378 676 1442 crediturum
707 1379 782 1462 sibi,
815 1380 843 1444 si
869 1382 921 1443 tot
943 1380 1083 1444 militum
1107 1381 1265 1465 sanguine

78 1467 241 1531 inbuisset
273 1467 412 1531 manus?
456 1466 629 1531 Neminem
660 1467 813 1531 stolidum
841 1468 1011 1533 consilium
1040 1469 1146 1553 capite
1175 1470 1299 1537 lueres

79 1556 211 1620 dehere:
236 1555 402 1621 defuturos
426 1556 526 1640 enim,
549 1556 606 1639 qui
629 1555 809 1640 suaderent,
832 1557 860 1620 si
884 1558 1025 1622 suasisse
1047 1558 1265 1641 periculosum

79 1648 177 1709 esset.
209 1642 355 1728 Denique
378 1644 468 1728 ipsos
491 1644 610 1708 cotidie
634 1665 653 1707 a
676 1665 710 1708 se
734 1644 884 1709 advocari
906 1645 942 1708 in
959 1645 1129 1710 consilium
1144 1647 1265 1710 varias-

79 1754 144 1817 que
169 1734 346 1797 sententias
370 1732 485 1809 dicere,
507 1755 566 1797 nec
588 1735 699 1796 tamen
722 1732 865 1796 melioris
883 1732 958 1797 fidei
976 1732 1098 1817 haberi,
1122 1734 1177 1818 qui
1190 1756 1265 1817 pru·

79 1821 210 1886 dentius
236 1822 383 1886 suaserit.
419 1821 533 1906 ltaque
557 1819 688 1886 Graecis
711 1821 861 1884 nuntiare
884 1820 983 1904 iubet,
1006 1821 1113 1904 ipsum
1136 1822 1265 1904 quidem
1284 1841 1300 1888 7

78 1911 321 1975 benivolentiae
344 1910 474 1974 illorum
497 1910 621 1995 gratias
645 1930 755 1994 agere,
783 1913 938 1992 ceterum,
967 1909 995 1974 si
1016 1913 1102 1974 retro
1125 1910 1171 1973 ire
1194 1931 1265 1992 per-

80 2003 149 2084 gat,
172 1999 261 2063 haud
285 1998 380 2063 dubie
403 2019 539 2083 regnum
561 1999 711 2063 hostibus
727 1998 932 2062 traditurum.
963 1997 1066 2062 Fama
1079 1998 1165 2073 bella
1180 2002 1266 2063 stare

79 2092 115 2152 et
147 2109 236 2170 eum,
267 2087 323 2171 qui
355 2086 496 2172 recedat,
528 2087 641 2172 fugere
674 2087 768 2152 credi.
813 2086 977 2151 Trahendi
1005 2108 1081 2151 vero
1109 2087 1188 2150 belli
1214 2087 1268 2150 vix

79 2178 184 2240 ullam
207 2197 277 2240 esse
301 2176 470 2240 rationem.
503 2174 628 2240 Tantae
652 2176 738 2240 enim
757 2175 966 2259 multitudini,
989 2175 1100 2258 utique
1115 2198 1188 2240 cum
1201 2177 1301 2243 iams

79 2265 188 2330 hiems
211 2264 358 2349 instaret,
380 2265 416 2328 in
438 2265 571 2349 regione
593 2268 687 2328 vasta
710 2267 743 2328 et
764 2265 903 2329 invicem
927 2287 946 2328 a
970 2265 1036 2328 suis
1057 2267 1152 2348 atque
1171 2263 1266 2329 hoste

80 2356 201 2418 vexata
222 2374 290 2418 non
312 2352 486 2417 suffectura
510 2353 673 2417 alimenta.
709 2351 760 2417 Ne
783 2353 882 2417 dividi
901 2351 1030 2437 quidem
1044 2353 1154 2436 copias
1169 2373 1266 2435 posse
1286 2371 1302 2418 9

81 2444 212 2506 servato
236 2463 326 2507 more
349 2442 519 2525 maiorum,
542 2442 598 2525 qui
619 2442 786 2505 universas
809 2442 894 2507 vires
914 2441 1091 2505 discrimini
1108 2440 1267 2506 bellorum

81 2552 211 2613 semper
234 2531 418 2594 obtulerint.
455 2529 514 2614 Et,
535 2530 679 2613 hercule,
702 2529 881 2593 terribilem
904 2533 1000 2593 antea
1022 2551 1132 2613 regern
1155 2533 1195 2592 et
1211 2529 1266 2593 ab·
1287 2547 1321 2596 10

81 2621 191 2684 sentia
214 2640 274 2683 sua
298 2618 339 2682 ad
361 2641 480 2683 vanarn
502 2617 653 2682 fiduciam
676 2618 810 2700 elatum,
837 2621 1011 2701 postquam
1034 2618 1210 2681 adventare
1234 2639 1267 2680 se

82 2707 238 2789 senserit,
270 2711 400 2771 cautum
426 2729 486 2791 pro
509 2706 679 2770 temerario
703 2704 840 2784 factum,
872 2705 1037 2770 delituisse
1060 2706 1144 2769 inter
1167 2725 1266 2788 angu-

82 2797 164 2860 stias
189 2797 292 2860 saltus
315 2796 380 2860 ritu
403 2795 595 2880 ignobilium
616 2793 773 2873 ferarum,
796 2816 878 2879 quae
902 2794 1039 2877 strepitu
1062 2797 1268 2878 praetereun-

81 2885 167 2948 tium
191 2883 300 2948 audito
325 2885 478 2948 silvarum
500 2883 633 2948 latebris
658 2905 691 2947 se
715 2883 906 2948 occulerent.
942 2882 1012 2946 Iam
1036 2883 1134 2947 etiam
1152 2882 1267 2946 valitu-
1289 2900 1320 2948 11

83 2973 169 3038 dinis
194 2973 401 3038 simulatione
423 2972 575 3037 frustrari
594 2993 670 3037 suos
684 2972 812 3036 milites.
846 2970 909 3036 Sed
924 2993 990 3036 non
1005 2972 1145 3055 amplius
1159 2971 1267 3054 ipsum

82 3083 155 3214 tt?
178 3061 758 3234 ltstrthntftzfitttihmh
776 3061 1268 3231 substitueram

85 3341 167 3424 Sinn:
201 3341 280 3424 Aleia
304 3341 374 3396 selle
396 3340 571 3424 nichtOAlles
595 3357 652 3395 von
742 3347 767 3395 ⁷.
786 3340 986 3422 quidemnbea.
1001 3337 1061 3391 sich
1075 3337 1126 3392 auf
1137 3338 1193 3394 den
1201 3356 1269 3409 gan-

84 3429 163 3468 erner
200 3429 327 3483 emzrgen
356 3412 511 3466 Entscherd
597 3411 651 3494 ,dos
704 3429 755 3466 aen
774 3410 847 3479 Satn,
867 3429 888 3467 s.
896 3409 969 3463 Eml
984 3414 1008 3474 ξ.
1023 3410 1135 3491 51·f.-
1146 3415 1270 3493 perppt

84 3483 535 3553 Schicksalsabhangenlassen,a
574 3499 651 3537 erne
705 3508 739 3528 =
758 3481 903 3564 fortfahre,
921 3479 1017 3534 mdem
1036 3480 1082 3534 dre
1097 3480 1196 3536 Perser
1213 3482 1268 3536 brs·

83 3554 173 3609 Karta
192 3556 293 3609 setzen.
703 3554 755 3608 her
782 3569 882 3606 rmmer
908 3569 961 3605 nur
983 3567 1034 3605 vor
1051 3551 1131 3606 Alex.
1154 3554 1269 3606 zurfick·

120 3649 146 3697 3.
165 3643 337 3696 imminere
356 3659 379 3696 c.
393 3642 451 3695 dat.
470 3640 525 3696 wie
539 3647 650 3707 4.1.19;
704 3623 965 3705 ΕΘΨῙΟῙῙΘΠΉΘΠ·
981 3653 1014 3662 -·
1033 3623 1270 3706 Τθβπψη,ἥῧθτ·

86 3719 110 3767 5,
123 3719 192 3767 11‚2
211 3718 273 3767 ab.
294 3738 328 3758 =
347 3712 397 3767 auf
413 3714 500 3766 etwas
517 3712 651 3778 laum,
706 3696 793 3749 setae:
815 3693 985 3762 ‘hrerdurch‚
1000 3693 1160 3749 damrtsem
1168 3710 1269 3764 ganzes

86 3785 188 3838 ebenso
208 3785 295 3838 schon
312 3783 359 3838 bei
377 3783 479 3838 Livius.
514 3782 568 3836 Die
585 3783 652 3849 fides
705 3765 816 3849 Reich'.
830 3793 865 3849 ‚-
884 3770 975 3819 Sim
992 3781 1025 3819 le
1044 3765 1140 3834 “litua
1158 3790 1192 3809 =
1206 3765 1270 3830 nili,

83 3855 123 3909 ist
139 3853 336 3925 personificirt,
355 3886 391 3894 -
413 3870 480 3908 non
497 3855 534 3908 ob
553 3853 652 3908 aliud
704 3842 843 3904 sadanma
862 3836 949 3890 sehon
968 3833 1046 3890 (taes.
1065 3836 1092 3890 b.
1112 3852 1135 3889 c.
1155 3842 1179 3889 3.
1192 3841 1232 3888 14.
1243 3840 1269 3888 3.

84 3943 104 3979 s,
124 3925 198 3980 Einl.
218 3930 241 3990 ς,
263 3933 295 3980 15
311 3943 333 3980 ο,
705 3907 816 3962 Ebenso
835 3912 959 3988 candore
977 3912 1002 3961 8.
1022 3912 1047 3961 8.
1068 3912 1110 3959 15.
1244 3959 1248 3967 ,

741 3985 783 4033 10.
807 3994 869 4032 aaa
895 3977 922 4032 d.
945 3995 964 4029 1.
991 3976 1040 4030 des
1058 3975 1077 4029 S
1097 3974 1215 4029 rechers.
1236 4005 1269 4014 -

121 4030 146 4077 5·
164 4027 305 4078 mmm
323 4038 361 4076 αθ
378 4023 509 4104 mimi·
527 4028 552 4077 2·
568 4027 650 4075 η’
701 4066 765 4117 pro
784 4048 971 4102 temerario.
997 4045 1050 4101 Die
1091 4044 1269 4101 anstruktion

84 4094 205 4149 deinde
228 4094 377 4163 “ml’ll‘m
409 4119 443 4177 ,²
474 4091 652 4177 mZulrunft
704 4121 766 4187 ficri
789 4120 897 4187 aliquid
916 4133 969 4186 pro
992 4133 1021 4171 re
1048 4117 1156 4170 anstatt
1181 4131 1270 4181 ecre,

83 4165 166 4220 noch.
196 4163 358 4248 Sos-816
373 4165 512 4246 aarum
530 4163 652 4219 dnm
705 4190 813 4245 welche
848 4187 1068 4244 assenserant
1100 4185 1270 4241 dissuasor

83 4236 142 4303 sm
160 4236 262 4291 mimi·
301 4233 328 4289 S·
347 4234 420 4288 Effll·
440 4240 463 4300 5·
483 4241 526 4289 ²²·
705 4261 750 4330 ist,
768 4260 821 4315 hat
838 4261 909 4314 auch
924 4257 1021 4312 Livius
1040 4256 1133 4312 bsters.
1157 4256 1269 4312 suin.

120 4341 145 4390 6.
165 4334 331 4388 nuntiare
344 4333 390 4386 fur
402 4333 533 4387 armtiari
546 4330 651 4386 sllinl.
706 4337 729 4399 ξ.
749 4337 783 4386 20
802 4331 884 4385 unter
897 4345 960 4398 pre.

84 4409 107 4469 β.
128 4411 162 4459 33
178 4420 201 4458 c.
743 4408 792 4466 11„
804 4403 1004 4467 detrectare,
1022 4399 1108 4453 ndml.
1127 4399 1216 4455 illum.
1268 4344 1332 4496 Δ
