2790 4792
363 242 617 299 HISTORIARUM
635 243 852 299 ALEXANDRI
869 244 911 312 V,
930 252 971 300 13.
1188 247 1254 311 213

83 407 205 469 stratus
222 403 357 468 Macedo
382 404 435 467 siti
457 407 637 468 maceratus
660 405 806 470 accessit:
831 426 868 469 eo
891 404 967 468 dum
990 407 1082 490 galea
1103 407 1254 472 haustam
1291 455 1296 467 .

84 513 201 576 aquam
230 491 352 575 sorbet,
380 493 447 555 tela
468 492 685 556 iumentorum
708 492 923 557 deficientium
946 495 1133 576 corporibus
1155 495 1254 559 infixa

84 579 258 663 conspexit
294 578 503 664 Miratusque,
521 580 672 644 confossa
689 581 798 663 potius
817 602 913 664 quam
931 581 1046 645 abacta
1064 603 1142 665 esse,
1160 584 1253 647 semi·
1272 605 1305 657 25

83 668 150 732 viri
172 668 312 731 hominis
331 669 479 750 permitam
495 669 635 750 percipit.
676 669 787 750 Itomae
808 688 892 733 more
913 671 1029 751 inpenii
1050 670 1180 734 hnmani
1201 691 1253 735 on·

78 757 174 836 pidns
195 756 327 837 risendi,
356 756 433 837 qnid
452 757 499 820 rei
519 756 652 820 velienlo
674 757 733 821 isto
756 758 944 838 oonderetnr,
973 759 1096 822 dimotis
1112 758 1253 842 pdlrbns

83 843 193 925 qnibns
224 843 370 907 obtectnm
397 849 476 926 mat,
507 843 649 908 Danaam
670 846 777 909 maltis
798 845 974 909 onlnembns
995 845 1165 926 eonfossnm
1187 866 1254 927 rep

77 932 169 1009 perit.
213 930 330 1013 Repins
359 933 440 994 enim
466 933 565 996 onltns
591 937 621 995 et
646 953 757 996 anreae
782 937 916 1016 catenae,
947 935 1016 1013 pais
1043 954 1064 996 a
1080 934 1254 1014 parricidis

82 1020 202 1083 sinatus
226 1018 344 1102 inerat,
373 1020 591 1084 dubitationem
612 1020 788 1084 animabant.
834 1021 908 1085 Non
929 1025 997 1084 erat
1018 1041 1122 1102 expers
1141 1020 1253 1086 Graeci

82 1107 232 1171 sermonis
251 1105 376 1170 Darens
394 1108 572 1188 pratiasqne
593 1108 700 1190 apebat
721 1110 778 1185 dis,
800 1110 855 1188 qni
870 1113 944 1189 post
965 1113 1052 1172 tanta
1070 1109 1156 1173 mala
1174 1115 1251 1173 tam-

83 1215 140 1276 qne
162 1195 275 1276 prania
300 1193 355 1258 loo
381 1199 483 1258 tamen
509 1196 708 1260 indulsissent
733 1197 852 1278 solacii,
883 1216 922 1259 ne
943 1197 1066 1261 manino
1089 1198 1124 1260 in
1145 1199 1251 1262 solitn·

83 1283 154 1346 dine
176 1287 344 1346 entremnm
365 1283 510 1363 spiritam
532 1283 706 1362 effnnderet.
752 1283 870 1365 ‘Itoana
892 1282 944 1366 te',
966 1285 1079 1365 inqnit,
1103 1284 1251 1366 ‘pinsonis

82 1390 113 1435 es
135 1371 327 1454 mortalinm,
352 1391 412 1451 per
438 1391 626 1435 eommnnem
647 1371 806 1435 leominnm
828 1376 953 1453 sortem,
985 1393 1006 1435 a
1028 1393 1089 1453 qna
1110 1392 1164 1436 nee
1186 1393 1251 1436 ma

82 1460 182 1523 nimos
203 1478 309 1540 repam
331 1463 458 1523 mentes
475 1478 535 1522 esse
546 1461 704 1540 praesenti
720 1461 887 1541 speetaonlo
904 1461 1046 1540 moneris,
1069 1480 1142 1542 rope
1160 1481 1251 1541 qnae-

82 1566 185 1630 soqm,
216 1551 252 1609 nt
280 1545 353 1610 lanea
383 1547 426 1610 ad
455 1546 670 1611 Alenandmm
701 1548 852 1612 mandata
881 1568 951 1611 mea
975 1548 1133 1628 perferas:
1170 1548 1251 1612 nibil
1350 1604 1353 1609 .

83 1655 200 1718 annno,
231 1655 308 1715 qnae
340 1635 425 1717 lonpe
454 1635 633 1699 tristissima
652 1655 815 1716 perpessas
841 1655 923 1718 snm,
959 1655 997 1699 ne
1022 1635 1103 1699 dnm
1131 1637 1253 1717 pnidem

81 1723 332 1801 incomparabilis
359 1723 547 1787 calamitatis
572 1724 687 1787 enitnm
713 1725 759 1786 ita
782 1743 908 1804 prooem
930 1722 1009 1786 mili
1029 1724 1186 1806 aoeidisse,
1217 1729 1254 1787 nt

81 1811 136 1876 boo
162 1832 273 1894 nnnm,
302 1813 384 1892 qnod
403 1815 476 1893 post
502 1816 590 1874 tanta
611 1811 647 1874 in
669 1831 717 1874 me
738 1830 875 1892 meosqne
897 1811 1007 1874 merita
1029 1811 1174 1875 adnersns
1196 1811 1252 1874 ole-

82 1899 306 1964 mmtrssimnm
341 1901 482 1964 viatorem
516 1899 642 1963 inimico
675 1900 835 1963 oinendnm
864 1898 929 1979 fnit
958 1903 988 1961 et
1017 1918 1099 1962 nnno
1129 1900 1251 1980 inprata

82 1988 276 2052 moriendnm
302 1992 353 2052 est.
398 1986 460 2053 Sed
481 2024 524 2033 -
547 1988 576 2051 si
602 2007 665 2069 qna
680 1988 845 2069 postremis
867 1987 1048 2050 nnserornm
1070 1987 1146 2050 notis
1168 1987 1255 2067 apad

83 2077 152 2141 deos
178 2077 226 2139 nis
253 2081 296 2139 est
326 2081 355 2139 et
380 2096 449 2140 anm
475 2077 542 2156 ipso
568 2076 682 2156 spirita
702 2075 852 2156 profnsos
873 2094 978 2156 preses
1000 2075 1106 2139 mitins
1128 2074 1254 2155 almnod

82 2184 197 2228 namen
219 2164 345 2227 enandit
367 2199 405 2209 -
425 2164 477 2227 ille
498 2164 619 2244 pardem
640 2183 740 2244 sospes
761 2169 790 2227 ot
810 2164 973 2228 ineolnmis
995 2163 1137 2244 lonpeqne
1157 2182 1253 2243 snpra

82 2252 259 2334 cantapinm
280 2271 364 2315 meae
384 2253 479 2316 sortis
500 2256 529 2315 et
549 2252 700 2315 invidiam
721 2251 865 2331 fontanae
881 2252 1003 2333 positas
1024 2251 1059 2314 in
1080 2251 1155 2315 solio
1178 2248 1253 2331 (me

78 2340 249 2422 ploriosam
270 2344 399 2403 aetatem
420 2340 524 2421 enipat
544 2359 673 2421 snaeqne
693 2341 817 2403 mrtntis
837 2360 952 2403 niemor
973 2359 1042 2402 enm
1064 2339 1159 2401 nentri
1182 2338 1252 2402 lnbe-

80 2429 185 2509 rispne
215 2428 291 2491 meis
322 2428 420 2492 loenm
446 2429 532 2508 apnd
555 2447 586 2491 se
612 2447 673 2492 esse
694 2429 851 2510 patiatnr,
882 2447 971 2508 onem
996 2426 1046 2490 illi
1071 2427 1132 2507 fide
1153 2431 1183 2489 et
1203 2426 1253 2490 ob·

81 2517 184 2597 seqnio
210 2516 384 2580 mermrmt.
429 2515 477 2578 At
496 2517 674 2595 parandas
693 2520 873 2596 promptam
896 2515 1023 2578 enitinm
1045 2519 1253 2595 mnseqnatnr,
1303 2570 1307 2577 .

81 2605 164 2685 qnod
189 2602 368 2668 Alexander
398 2603 566 2686 inropabit,
597 2604 626 2666 si
656 2623 719 2666 non
750 2603 960 2667 misericordia
990 2599 1124 2680 infelicis
1149 2600 1252 2684 bostis,

80 2693 191 2757 saltem
217 2693 285 2756 odio
309 2692 499 2772 facinornm,
530 2696 559 2754 et
583 2711 622 2754 ne
647 2691 793 2771 inpnnita
819 2691 854 2753 in
876 2690 1010 2754 aliornm
1033 2688 1125 2752 etiam
1147 2708 1253 2770 rapiam

80 2800 231 2861 snmmqne
252 2780 350 2861 ipsias
371 2781 500 2844 enitinm
522 2777 704 2859 ernmpant.'
749 2777 824 2842 Post
845 2777 932 2860 baec,
959 2796 1027 2841 enm
1054 2778 1108 2841 siti
1130 2797 1251 2858 anpare-

81 2873 146 2952 νιν,
179 2868 287 2931 adlata
303 2888 361 2949 per
383 2867 593 2949 Polystratnm
610 2887 694 2948 aqna
715 2870 880 2948 recreatas,
913 2864 1041 2947 ‘moon
1068 2866 1127 2947 ait,
1158 2864 1252 2929 ‘lano

81 2958 176 3020 eliam
209 2957 304 3020 tantis
335 2956 561 3020 calamitatibus
591 2960 757 3019 extremam
783 2955 918 3020 aamdme
944 2954 1089 3036 oportuit,
1120 2958 1157 3017 nt
1183 2954 1255 3017 bene

81 3045 191 3108 merito
214 3045 352 3126 qratiam
378 3045 490 3124 referre
512 3063 575 3107 non
589 3044 724 3125 possim:
756 3049 791 3107 at
811 3043 920 3124 referet
940 3042 1131 3124 Alenander,
1157 3041 1253 3105 Alen-

82 3133 182 3196 andro
213 3152 282 3196 nero
314 3131 371 3196 di'
422 3131 576 3196 Dentrem
608 3132 714 3196 deinde
735 3133 894 3213 protendit
923 3150 1046 3211 eampne
1072 3128 1253 3193 Alexandro

80 3221 155 3302 fidei
181 3221 282 3302 repioe
303 3221 419 3302 mpnns
437 3219 518 3300 ferri
539 3219 645 3284 inbens
667 3220 856 3300 apprehensa
876 3217 1042 3300 Polystrati
1063 3236 1161 3280 mann
1182 3217 1253 3278 ani·

81 3327 168 3371 mam
190 3307 316 3388 efflavit.
348 3308 525 3372 Alexander
542 3328 586 3371 asa
603 3308 738 3389 spiranti
755 3307 854 3371 adbna
870 3304 1081 3388 sapememrit,
1103 3305 1253 3367 incertam

81 3401 139 3460 ast:
161 3395 244 3460 illnd
264 3401 381 3460 oonstat
401 3395 571 3460 miserabili
592 3397 672 3477 repis
694 3395 917 3476 opalentissimi
938 3393 1021 3456 enitn
1044 3395 1181 3473 conperto
1204 3411 1252 3454 oo-

74 3484 187 3566 piosas
210 3484 355 3548 lacrimas
366 3483 544 3566 profndisse
565 3484 727 3563 statimqne
744 3482 899 3563 ollampde
915 3480 975 3546 sm·
992 3481 1128 3544 detracta
1145 3499 1254 3560 eorpns

81 3572 236 3653 manasse
257 3576 286 3635 et
306 3592 418 3654 mapno
440 3592 509 3636 enm
530 3571 643 3635 bonore
665 3572 708 3635 ad
728 3591 798 3635 snos
820 3569 932 3650 deferri
953 3569 1089 3652 iussisse,
1114 3573 1152 3632 nt
1171 3569 1253 3650 nepio

80 3658 252 3723 Persarnm
283 3679 365 3723 more
396 3665 537 3723 onratnm
566 3659 768 3724 monumentis
795 3659 951 3722 niamrnm
977 3657 1152 3737 inferretnr.
1195 3655 1253 3718 In·

78 3748 301 3828 pratitndinem
327 3747 500 3831 hominnm,
527 3769 548 3810 a
574 3748 644 3829 qais
659 3767 720 3828 pro
742 3748 870 3810 snmmis
892 3746 1043 3827 benefieiis
1064 3744 1182 3809 mndata
1203 3762 1253 3805 en-

79 3835 174 3899 itinm
200 3833 326 3900 Darnis
351 3835 493 3918 perimit,
525 3855 712 3916 qnamqnam
738 3839 841 3916 snopte
867 3836 989 3917 inpenio
1015 3832 1198 3896 laommdam
1225 3834 1255 3892 et

80 3923 290 4001 mamam,
320 3924 488 4006 insipniore
517 3924 560 3987 ad
583 3924 792 4005 posteritatem
818 3922 955 4003 infamia
980 3920 1141 3986 damnavit
1165 3917 1253 3981 annis

79 4012 243 4076 cniusdam
264 4012 349 4075 mira
370 4012 457 4095 fides,
479 4013 533 4092 qni
555 4011 594 4074 ab
616 4011 756 4074 omnibns
776 4011 989 4091 familiaribas
1009 4008 1147 4072 derelicto
1169 4005 1253 4069 solns

117 4240 161 4290 25.
175 4238 329 4291 seminini
341 4237 492 4292 bominis.
512 4237 568 4290 Dos
579 4236 642 4289 Pol·
696 4236 834 4292 bosnoeh
844 4237 987 4292 lustinll.
999 4240 1030 4288 15
1044 4228 1254 4314 undt‘lutarob,

80 4306 642 4448 artabalitaetzitta·
695 4310 827 4431 {talla
837 4308 893 4431 1312}
907 4304 1150 4430 ltddlllm
1163 4301 1210 4356 ΗΘ]
1223 4317 1255 4354 ¹¹²
1298 4342 1324 4496 p
