2790 4792
368 203 623 260 HISTORIARUM
642 205 856 283 ALEXANDRI
875 207 949 276 VIII,
970 215 1010 264 11.
1217 207 1279 271 151

106 368 294 450 sagittarios
319 371 353 432 61
371 366 536 453 Agrianes
554 367 646 432 iubet
664 390 722 451 per
740 370 841 434 ardua
859 371 934 435 niti:
958 373 1154 455 iuvenesque
1173 392 1281 454 prom·

104 457 272 539 ptissimos
301 478 340 520 ex
368 479 426 520 sua
455 456 588 522 cohorte
614 474 686 521 xxx
714 457 844 543 delegit.
894 459 1001 526 Duces
1029 460 1081 525 his
1109 459 1178 525 dati
1206 462 1282 523 sunt
1303 479 1334 527 10

105 543 229 609 Charus
254 549 287 609 et
310 545 507 623 Alexander,
540 567 637 629 quem
664 567 720 611 rex
747 548 903 634 nominis,
936 549 1022 634 quod
1052 548 1115 613 sibi
1143 569 1215 612 eum
1243 569 1281 613 eo

105 656 274 699 commune
298 638 397 718 esset,
426 634 605 699 admonuit.
650 631 699 699 Ac
721 636 841 720 primo,
870 639 946 722 quia
974 642 1044 702 tam
1072 636 1281 702 manifestum

104 723 284 805 perieulum
304 727 384 807 erat,
407 724 514 807 ipsum
535 744 647 809 regem
665 723 838 790 discrimen
857 727 965 792 subire
984 748 1050 791 non
1068 725 1202 810 placuit:
1226 723 1282 788 sed
1302 745 1333 792 11

104 816 142 876 ut
170 812 300 896 signum
328 812 408 876 tuba
432 812 545 875 datum
573 815 637 895 eet,
664 811 715 875 vir
737 813 890 879 audaciae
913 818 1087 900 promptae
1110 835 1282 878 conversus

104 901 146 964 ad
165 901 309 985 corperis
330 901 479 965 custodes
499 899 590 984 sequi
609 921 642 964 sc
657 899 750 966 iubet
762 903 950 988 primusque
964 903 1089 968 invadit
1107 903 1142 967 in
1160 923 1282 984 rupem.

104 988 173 1054 Nec
196 989 310 1053 deinde
329 990 502 1074 quisquam
520 987 738 1054 Macedonum
759 992 908 1057 substitit
928 992 1114 1077 relictisque
1133 989 1281 1056 stationi-

104 1079 164 1142 bus
189 1101 247 1142 sua
271 1080 385 1161 sponte
407 1098 517 1162 regem
537 1077 765 1161 sequebantur.
805 1079 985 1146 Multorum
1004 1079 1199 1145 miserabilis
1219 1079 1281 1143 fuit
1301 1102 1333 1150 12

105 1189 208 1250 casus,
227 1189 309 1250 quos
329 1190 368 1231 ex
387 1170 563 1250 praerupta
576 1187 656 1250 rupe
670 1167 780 1252 lapsos
795 1170 899 1234 amnis
914 1169 1147 1253 praeterfluens
1163 1167 1281 1247 hausit,

105 1255 201 1319 triste
224 1255 445 1338 spectaculum
469 1256 567 1321 etiam
591 1277 658 1319 non
680 1256 955 1340 periclitantibus:
979 1280 1052 1324 cum
1074 1278 1150 1322 vero
1175 1256 1280 1320 aliene

106 1344 218 1427 exitia,
251 1345 326 1427 quid
354 1345 434 1428 ipsis
463 1343 643 1409 timendum
670 1344 771 1428 foret,
804 1346 1067 1429 admonerentur,
1097 1345 1132 1409 in
1158 1347 1282 1408 metum

104 1432 327 1497 misericordia
349 1455 445 1498 versa
462 1454 530 1497 non
548 1432 717 1518 extinctos,
741 1434 798 1498 sed
816 1436 1008 1519 semetipsos
1026 1433 1196 1499 deflebant.
1237 1431 1283 1496 Et
1302 1458 1335 1505 13

104 1522 171 1584 iam
195 1543 232 1585 eo
256 1526 447 1605 perventum
471 1524 551 1603 erat,
574 1521 658 1585 unde
683 1522 751 1587 sine
774 1525 917 1607 pernicie
934 1524 1000 1588 nisi
1017 1523 1159 1588 victores
1177 1521 1283 1587 redire

103 1631 170 1673 non
184 1615 326 1693 possent,
344 1611 491 1695 ingentia
510 1631 588 1673 saxa
601 1609 635 1673 in
650 1611 824 1676 subeuntes
839 1612 1106 1696 provolventibus
1125 1609 1283 1692 barbarie,

104 1699 177 1781 quis
201 1699 343 1782 perculsi
366 1699 518 1763 instabili
541 1701 575 1761 ct
596 1699 722 1764 lubrico
746 1700 847 1785 gradu
869 1701 1066 1785 praecipites
1085 1699 1282 1764 recidebant.

102 1787 286 1851 Evaserant
308 1790 418 1852 tamen
441 1786 626 1852 Alexander
649 1790 682 1851 et
701 1785 837 1871 Charus,
862 1810 1035 1872 quoscum
1054 1805 1127 1852 xxx
1146 1786 1280 1851 delectis
1302 1812 1335 1860 14

103 1877 318 1960 praemiserat
336 1899 402 1959 rex,
422 1880 455 1940 ct
473 1876 539 1940 iam
558 1897 704 1960 pugnare
723 1876 904 1942 comminus
924 1879 1111 1961 coeperant:
1134 1875 1191 1939 sed
1209 1897 1282 1940 cum

104 1986 244 2047 superne
262 1965 330 2029 tela
348 1964 481 2030 barbari
500 1966 694 2049 ingererent,
718 1966 847 2048 saepius
872 1965 938 2050 ipsi
959 1964 1161 2029 feriebantur
1185 1985 1282 2047 quam

104 2055 328 2118 vulnerabant.
373 2053 462 2139 Ergo
482 2053 666 2118 Alexander
691 2057 723 2118 61
744 2053 886 2118 nominis
911 2054 963 2118 sui
985 2057 1018 2118 et
1040 2051 1192 2138 promissi
1217 2073 1281 2117 me·
1304 2076 1335 2125 15

104 2164 185 2226 mer,
208 2143 284 2206 dum
308 2143 414 2207 aerius
439 2164 538 2226 quam
561 2143 687 2207 cautius
712 2143 852 2227 dimicat,
876 2143 1046 2207 confossus
1065 2141 1206 2224 undique
1226 2141 1282 2204 ob-

103 2232 217 2319 ruitur.
265 2230 368 2306 Quem
392 2235 429 2295 ut
451 2228 578 2296 Charus
601 2232 762 2317 iacentem
786 2232 962 2316 conspexit,
984 2251 1076 2295 ruere
1100 2231 1136 2293 in
1152 2231 1281 2294 hostem
1303 2253 1335 2302 1e

104 2320 250 2384 omniurn
279 2325 410 2404 praeter
441 2320 606 2384 ultionem
629 2321 799 2386 immemor
827 2321 935 2404 coepit
962 2319 1147 2403 multosque
1179 2317 1282 2400 hasta,

104 2409 263 2491 quosdam
277 2409 386 2493 gladio
401 2408 577 2474 interemit.
601 2406 663 2473 Sed
674 2431 746 2474 cum
760 2413 812 2474 tot
826 2430 928 2473 unum
941 2409 1142 2473 incesserent
1156 2428 1282 2489 manus,

104 2518 202 2580 super
231 2498 327 2563 amici
354 2519 470 2582 corpus
497 2497 671 2581 procubuit
700 2498 868 2563 exanimis.
918 2495 1017 2561 Haud
1047 2517 1153 2577 secus,
1185 2516 1282 2579 quarn
1302 2520 1334 2569 11

103 2607 165 2668 par
189 2589 267 2664 erat,
291 2586 609 2671 promptissimorum
632 2586 784 2651 iuvenum
812 2589 1056 2668 ceterorumque
1075 2583 1218 2648 militum
1237 2583 1282 2646 in-

104 2675 205 2738 teritu
229 2678 410 2739 commotus
432 2697 490 2740 rex
512 2676 644 2759 signum
666 2675 810 2758 receptui
834 2673 931 2750 dedit.
977 2670 1083 2737 Saluti
1101 2671 1173 2755 fuit,
1197 2671 1335 2755 quod18

105 2762 227 2826 sensim
251 2766 284 2826 61
306 2763 460 2847 intrepidi
482 2785 516 2828 se
540 2767 732 2848 receperunt
754 2766 787 2826 et
811 2762 942 2827 barbari
966 2762 1095 2826 hostem
1119 2759 1282 2844 depulisse

59 2854 90 2915 ll
104 2852 251 2916 contenti
281 2872 348 2915 non
378 2851 526 2917 institere
559 2851 755 2916 cedentibus.
807 2848 960 2916 Ceterum
991 2848 1177 2914 Alexander
1210 2869 1282 2912 cum
1303 2873 1335 2922 19

105 2939 277 3004 statuisset
308 2939 463 3004 desistere
496 2939 624 3024 incepto
655 2976 697 2987 -
726 2940 846 3024 quippe
878 2940 971 3004 nulla
1004 2960 1077 3022 spes
1109 2936 1284 3021 potiundae

104 3030 215 3110 petrae
240 3027 436 3093 offerebatur
457 3063 494 3074 -
516 3031 626 3093 tamen
649 3029 790 3113 speciem
809 3028 954 3094 ostendit
971 3027 1006 3091 in
1025 3026 1193 3091 obsidione
1211 3047 1283 3110 per-

104 3237 213 3291 Ablauf
233 3237 282 3291 des
307 3239 466 3307 116361.
503 3238 568 3308 Vgl.
593 3240 666 3294 oben
720 3239 969 3310 ungevehnliehes
988 3257 1015 3292 u.
1038 3236 1149 3290 kdhnes
1167 3232 1283 3302 Epithe-

106 3314 147 3363 10.
168 3313 215 3374 313
234 3307 293 3362 Liv.
314 3314 339 3362 9.
357 3315 399 3363 34.
421 3313 463 3364 13.
483 3339 516 3348 -
536 3326 573 3364 ea
591 3325 666 3376 aaa,
719 3311 770 3365 ton
787 3325 845 3365 ven
861 3311 973 3378 9666166.

104 3378 181 3433 wohl
199 3403 233 3423 =
253 3381 393 3448 6666916,
413 3397 434 3433 6.
453 3384 479 3434 8.
499 3381 524 3434 6.
544 3385 568 3435 7.
758 3384 799 3434 14.
815 3380 1055 3448 praemiserat,
1074 3376 1181 3430 betent.
1215 3373 1283 3429 Dies

142 3455 184 3503 10.
205 3449 347 3516 Obaras,
364 3449 541 3514 unbekannt:
558 3450 602 3504 1616
619 3450 666 3504 be·
719 3450 758 3503 161
776 3454 791 3514 (5
811 3455 827 3504 9
846 3450 919 3504 noch
937 3448 1018 3504 nicht
1036 3448 1145 3519 366631.

103 3519 666 3575 6161161611611116611616111661116-
758 3524 799 3574 11.
834 3521 1010 3587 consessas
1040 3519 1209 3588 undique,
1243 3533 1284 3572 er·

103 3595 153 3645 ten
171 3594 201 3660 (s.
221 3597 237 3656 5
258 3593 309 3660 14).
720 3591 1016 3660 31666116661111
1031 3588 1284 3645 obraitar==wird

141 3668 182 3714 11.
203 3661 666 3734 eeiaac=‘femerhin,1anger’.
722 3661 897 3716 schlieselich
923 3678 996 3733 3666
1027 3659 1184 3716 tiberdeelrt
1215 3659 1285 3728 (und

103 3732 169 3801 Vgl.
189 3733 261 3787 nibil
279 3734 377 3788 6161616
389 3733 561 3789 numerabile
575 3737 666 3789 actam
721 3732 962 3804 niedergerissen).
991 3732 1072 3788 Dech
1085 3730 1124 3786 161
1138 3729 1184 3785 die
1194 3729 1283 3784 Stella

102 3803 150 3857 bei
170 3803 273 3858 Livius.
720 3803 917 3871 befremdlich;
938 3806 1018 3859 ronst
1033 3802 1155 3857 braueht
1173 3798 1202 3855 G.
1222 3801 1284 3854 16116

142 3880 183 3928 12.
207 3876 377 3944 perculsi
403 3875 478 3930 kann
503 3875 577 3930 nach
602 3874 666 3929 dem
720 3875 833 3941 (166116,
859 3876 972 3943 iaculis)
1000 3873 1110 3941 6661611
1137 3870 1195 3925 und
1222 3871 1283 3953 16116

103 3962 210 4014 ganzen
235 3943 362 4015 Cennex,
384 3963 414 4001 so
437 3946 511 4002 nahe
529 3946 602 4001 auch
620 3945 666 4001 (116
720 3945 800 4000 cerac·
814 3945 886 4000 ohne
900 3944 1095 4000 Unterschied.
1127 3941 1282 4011 1131111111-

104 4016 320 4085 cigentliehe
334 4016 500 4086 Bedeutnng
515 4015 594 4143 hoff,
612 4034 665 4071 nur
718 4021 826 4086 366611.
843 4021 932 4072 lale
945 4017 1006 4071 16116
1020 4014 1141 4083 6611166
1154 4012 1282 4067 obruitur

104 4087 192 4141 seviel
212 4087 272 4141 sein
294 4088 347 4143 vvie
366 4088 517 4156 perterre‘te'.
582 4105 616 4141 ur
634 4105 664 4143 eo
718 4089 894 4157 consonaeque
911 4102 941 4143 ee
959 4087 1113 4156 iapeaitar.

103 4158 198 4213 haben
223 4158 269 4214 die
291 4158 444 4228 folgenden
465 4157 564 4213 Worte
588 4157 665 4227 Sina,
755 4165 796 4214 11.
833 4158 925 4213 baad
960 4172 1053 4212 66666
1082 4172 1106 4224 q.
1131 4171 1163 4224 p.
1199 4158 1281 4208 6661.

103 4229 149 4283 die
174 4230 255 4285 einen
277 4230 394 4286 weitern
413 4228 509 4285 Grund
533 4229 664 4283 (1666661-
718 4228 873 4284 Ε166663.
893 4235 917 4282 2.
939 4232 953 4280 1
972 4245 999 4283 a.
1018 4231 1044 4282 e.

103 4302 166 4354 1666
193 4298 665 4357 6611161166-166161111616
756 4298 984 4353 1166616611.
1021 4297 1114 4352 Ueber
1132 4296 1187 4352 den
1203 4294 1281 4351 infin.

104 4375 260 4438 v.11.1e;
285 4368 665 4441 66363661611616166616
719 4372 911 4426 661611.
1314 4342 1361 4496 1
