2790 4792
156 194 219 258 116
607 196 640 262 Q.
660 194 774 252 OUIt'l'I
791 195 878 251 RUFI

151 357 249 423 modo
277 358 416 442 attritis,
445 358 502 424 sed
529 359 719 443 corporibus
752 358 852 423 etiam
880 358 1033 443 fatigatis
1061 360 1154 444 sequi
1184 360 1334 446 plerique

75 518 80 527 ¹
152 468 219 511 non
241 451 396 530 poterant
413 450 448 513 et
469 448 574 512 rarius
593 447 730 512 subinde
750 467 868 532 agmen
890 447 990 512 fiebat
1012 448 1183 533 pudorem,
1204 453 1242 513 ut
1264 449 1333 514 fere

97 555 133 605 oo
152 535 204 618 fit,
240 535 414 601 immodico
450 535 563 602 labore
599 536 757 601 vincente.
809 534 880 600 Rex
915 539 1029 601 tamen
1063 535 1200 601 subinde
1232 559 1333 622 equos

151 626 283 688 mutans
317 625 389 689 sine
424 624 665 690 intermissione
701 624 863 710 fugientoe
898 624 1139 708 insequebatur.
1192 625 1333 692 Nobiles

151 713 284 778 iuuenes
321 713 473 779 comitari
509 735 584 778 eum
620 713 711 778 soliti
748 710 934 778 defecerant
967 718 1098 796 praeter
1133 711 1333 798 Philippum

150 799 340 884 Lysimachi
372 805 443 868 erat
468 801 585 887 frater,
615 806 686 867 tum
712 801 855 886 primum
882 800 1012 866 adultus
1040 805 1087 885 et,
1119 802 1206 886 quod
1236 803 1333 868 facile

97 909 132 959 ao
153 888 338 975 adpareret,
359 890 481 956 indolis
504 912 607 955 rarae.
648 889 683 954 Is
704 890 803 974 pedes
822 926 865 936 -
883 889 1074 954 incredibile
1096 890 1185 955 dictu
1211 927 1250 937 -
1274 913 1335 975 per

150 996 176 1042 n
208 977 316 1043 stadia
345 982 473 1044 vectum
504 999 615 1064 regem
647 979 822 1044 semitatus
854 981 919 1061 est,
956 999 1053 1062 saepe
1085 1000 1204 1063 equum
1237 1002 1334 1044 suum

152 1066 307 1132 offerente
324 1066 536 1152 Lysimacho,
557 1088 618 1133 nec
639 1070 764 1150 tamen,
786 1070 826 1132 ut
847 1066 1071 1151 digrederetur
1093 1089 1114 1132 a
1131 1089 1224 1153 rege,
1246 1067 1334 1132 effici

96 1176 132 1226 ar
150 1154 273 1239 potuit,
296 1177 370 1222 eum
393 1156 496 1222 lorica
515 1155 649 1221 indutus
667 1177 760 1221 arma
782 1158 936 1240 gestaret.
972 1154 1077 1238 Idem,
1100 1177 1174 1221 curn
1196 1178 1334 1240 perven-

151 1247 223 1308 tum
250 1248 338 1310 esset
359 1245 395 1309 in
422 1245 557 1329 saltum,
586 1245 622 1309 in
649 1265 713 1328 quo
736 1265 771 1309 se
797 1243 932 1308 barbari
954 1243 1161 1329 abdiderant,
1186 1245 1334 1310 nobilem

151 1332 255 1398 edidit
285 1354 431 1419 pugnam
464 1354 638 1418 regemque
670 1332 851 1398 comminus
884 1354 958 1397 cum
993 1333 1090 1398 hoste
1121 1332 1335 1398 dimicantem

96 1440 132 1492 88
151 1420 305 1505 protexit
360 1419 424 1486 Sed
455 1424 630 1506 postquam
661 1421 793 1487 barbari
824 1422 858 1485 in
891 1420 1005 1506 fugam
1036 1421 1131 1486 effusi
1162 1421 1334 1487 deseruere

151 1508 267 1594 silvas,
298 1509 440 1593 animus,
473 1510 529 1594 qui
560 1510 597 1575 in
627 1510 741 1575 ardore
772 1530 901 1597 pugnae
934 1530 1049 1594 eorpus
1082 1513 1335 1595 sustentaverat,

152 1597 251 1682 liquit
278 1598 450 1683 subitoque
477 1620 516 1664 ex
543 1599 695 1663 omnibus
722 1598 878 1663 membris
905 1597 1040 1682 profuso
1063 1598 1181 1664 sudore
1204 1599 1334 1664 arboris

99 1707 133 1756 aa
152 1685 320 1770 proximae
343 1686 451 1771 stipiti
473 1708 509 1752 se
532 1687 697 1773 adplicuit.
742 1685 867 1754 Deinde
889 1708 931 1751 ne
958 1687 1017 1752 illo
1043 1686 1174 1771 quidem
1197 1686 1335 1753 admini-

152 1775 227 1840 culo
255 1776 438 1842 sustinente
465 1775 618 1841 manibus
644 1775 731 1860 regis
759 1778 913 1860 exceptus
941 1779 1007 1860 est,
1033 1775 1120 1840 inter
1147 1798 1228 1860 quas
1257 1797 1335 1840 con-

151 1863 263 1949 lapsus
292 1864 502 1951 extinguitur.
549 1863 713 1930 Maestum
745 1883 855 1948 regem
889 1863 973 1929 alius
1003 1864 1091 1929 haud
1122 1865 1205 1929 levis
1236 1864 1336 1930 dolor

98 1973 134 2022 40
154 1953 288 2037 excepit
332 1952 486 2039 Erigyius
513 1953 599 2017 inter
620 1952 725 2018 claros
753 1952 850 2017 duces
876 1951 997 2017 fuerat:
1026 1973 1123 2036 quem
1150 1953 1334 2018 extinctum

152 2061 224 2106 esse
241 2042 340 2127 paulo
359 2045 444 2124 ante,
463 2063 561 2126 quam
578 2044 796 2106 reverteretur
812 2040 847 2104 in
868 2043 987 2126 eastra
1003 2042 1167 2127 cognovit
1200 2039 1333 2106 Utrius-

153 2151 215 2214 que
233 2129 334 2195 'funus
357 2130 448 2195 omni
470 2133 631 2214 apparatu
654 2131 752 2213 atque
773 2128 898 2194 honore
921 2129 1120 2194 celebratum
1143 2133 1201 2194 est

659 2310 742 2380 One.
764 2313 840 2383 111.

118 2452 132 2498 1
242 2429 355 2496 Dahas
387 2428 502 2495 deinde
531 2432 693 2495 statuerat
719 2433 842 2513 petere:
875 2429 922 2493 ibi
953 2451 1093 2515 nemque
1121 2427 1334 2512 Spitamenen
1347 2431 1382 2492 ll

154 2542 224 2585 esse
247 2523 452 2603 cognoverat.
496 2515 560 2583 Sed
582 2518 667 2584 hanc
689 2539 816 2603 quoque
840 2517 1093 2601 expeditionem,
1115 2522 1153 2581 ut
1174 2519 1333 2604 pleraque

153 2608 231 2694 alia,
263 2607 397 2674 fortune
428 2605 627 2692 indulgendo
660 2607 690 2672 ei
721 2627 900 2692 numquam
931 2605 1070 2692 fatigata
1103 2628 1163 2689 pro
1196 2609 1333 2673 absente

154 2801 312 2866 caeciliam,
335 2815 395 2869 apes
412 2803 524 2865 mdam,
547 2799 648 2869 eptae
668 2816 715 2855 ra·
768 2797 1073 2868 nanigenfleltgabss
1086 2798 1222 2854 —inter
1236 2816 1333 2868 qaae,

154 2873 255 2926 ticam
271 2869 331 2924 und
348 2870 437 2940 dergL
456 2900 490 2908 —
508 2870 640 2937 rarius,
662 2868 715 2924 Ge·
768 2869 861 2939 rgle
874 2874 914 2923 10.
927 2869 1043 2922 rotate
1055 2883 1149 2922 socrus
1161 2873 1220 2924 eto.
1232 2887 1333 2926 mareas

154 2943 282 3013 genestae
305 2942 419 2996 densam
441 2955 546 3009 apmea.
582 2938 716 3006 Subinde,
769 2940 891 3008 collapsa
914 2943 980 2994 erat.
1000 2969 1034 2978 -
1054 2940 1190 3008 excepit.
1227 2941 1332 2996 Ueber-

152 3011 215 3066 hier
238 3038 272 3058 ==
295 3012 408 3078 aarum,
431 3011 587 3079 paulatim,
614 3011 645 3064 in
667 3009 716 3064 der
769 3010 857 3065 setae:
877 3010 1006 3064 ‘wartete
1021 3008 1210 3078 deeKonigs’‚
1224 3011 1333 3082 eigent·

151 3082 304 3152 folgenden
327 3081 403 3137 Zeile
432 3081 562 3152 dagegen
584 3081 716 3136 aiemlioh
769 3080 840 3134 liohs
859 3079 957 3134 ‘nahm
970 3079 1021 3134 ihn
1033 3079 1219 3135 unmittelbar
1232 3082 1336 3137 darauf

153 3173 175 3209 e.
192 3172 220 3211 r.
238 3170 263 3210 a.
282 3153 437 3209 identidem.
768 3150 973 3221 inBeschlag’.
1009 3149 1085 3204 Ganz
1103 3151 1205 3206 ebenso
1225 3158 1250 3207 6.
1270 3159 1330 3208 a.1

189 3231 233 3280 66.
265 3225 480 3293 defecerant,
512 3217 716 3294 ἀπειρήκεσαν,
769 3226 802 3276 at
819 3222 945 3291 paen
966 3222 1042 3276 caris
1066 3222 1180 3277 leuatae
1202 3229 1242 3277 est
1268 3225 1332 3278 aad·

154 3311 249 3351 waren
263 3296 397 3351 ermattet
410 3293 672 3364 surtickgeblieben.
681 3323 714 3334 -
768 3308 842 3359 mre,
860 3307 985 3362 secem
998 3309 1058 3346 eam
1073 3294 1232 3362 voluptates.
1265 3295 1331 3366 Vgl.

154 3372 222 3421 tam
243 3367 403 3435 primam,
426 3365 583 3420 ubersetae:
613 3364 717 3419 ‘eben
769 3364 842 3418 auch
858 3362 932 3418 Vell.
952 3368 976 3418 2.
997 3367 1031 3417 55
1053 3363 1180 3419 otetmem
1197 3365 1334 3432 Africani

154 3437 245 3492 eret.'
273 3467 305 3476 -
331 3436 417 3506 qaod
444 3436 640 3504 adpareret,
667 3434 717 3489 der
770 3434 833 3489 aaut
853 3434 958 3503 recepit
976 3434 1169 3503 Hispaniense.

154 3509 227 3578 conj.
246 3506 301 3563 wie
324 3513 366 3561 12.
386 3510 402 3559 8
425 3506 483 3560 und
501 3505 571 3576 Nep.
590 3505 670 3561 Eum.
690 3511 715 3559 2.
804 3511 848 3561 40.
872 3505 1055 3581 Edwards,
1080 3505 1157 3560 einer
1179 3505 1229 3560 der
1251 3507 1332 3562 tueh-

154 3579 263 3648 aqaod
281 3579 363 3645 facile
380 3578 501 3647 intellept
516 3582 613 3646 posset
769 3575 876 3646 tigsten
898 3575 1037 3630 Obersten
1062 3575 1111 3630 der
1131 3576 1262 3632 Reiterei.
1304 3577 1331 3634 S.

190 3655 233 3704 36.
252 3649 432 3704 comitatus
449 3654 517 3703 eet.
532 3691 539 3703 .
554 3647 714 3717 apoterit.
769 3647 842 3701 oben
861 3652 885 3702 7.
904 3652 930 3703 4.
949 3653 984 3701 34
1003 3648 1056 3702 ete.
1092 3646 1149 3701 Der
1168 3648 1250 3703 nieht
1267 3665 1332 3704 son·

153 3720 211 3776 Das
237 3720 309 3789 perf.
337 3719 416 3774 stellt
442 3719 493 3774 das
522 3717 715 3773 schliessliohe
769 3715 877 3771 dorlieh
890 3717 1332 3787 gesehmaokvolleSatabauwie

153 3791 354 3859 Reamtatdar,
368 3788 617 3846 hebtdahernoeh
626 3787 715 3855 mehr,
769 3794 794 3844 6.
814 3793 839 3843 3.
861 3792 889 3856 13
909 3793 933 3842 6.
953 3794 978 3842 6.
999 3793 1041 3844 16.
1057 3819 1089 3828 -
1108 3789 1145 3843 a'a
1163 3794 1292 3857 caetra,
1310 3807 1331 3844 s

154 3862 197 3918 als
215 3878 246 3917 ea
264 3862 315 3917 das
333 3861 412 3932 impl.
431 3861 503 3915 thun
520 3859 627 3928 werde,
650 3859 716 3914 her·
769 3863 846 3924 619.

154 3950 214 4003 vor,
230 3933 295 3988 dass
308 3932 382 3988 Phil.
398 3930 460 3987 sein
468 3930 620 3985 Vorhaben
632 3928 716 3983 wirh

155 4004 213 4060 uae
231 4005 275 4060 ea
293 4022 328 4058 zu
344 4003 424 4058 unae
442 3999 632 4058 emanante.
983 3974 1047 4030 ⁰⁵?-
1068 3976 1116 4029 ΠΙ·

190 4080 234 4130 68.
267 4075 414 4145 la'qaa't;
445 4073 547 4127 eboreo
578 4072 717 4141 ltnqamte
808 4078 831 4127 1.
849 4072 968 4128 Dabar
991 4089 1012 4126 s.
1037 4080 1060 4129 1.
1079 4079 1104 4127 6.
1123 4073 1331 4143 -pleraque

155 4148 249 4202 asena
267 4152 292 4203 6.
312 4152 336 4201 1.
357 4150 404 4211 153
424 4150 449 4200 6.
464 4148 489 4200 a.
504 4148 580 4196 8311.
597 4147 622 4196 6.
642 4143 716 4198 ohne
770 4143 960 4212 =peraaalta
978 4158 999 4196 s.
1016 4150 1041 4198 6.
1056 4148 1080 4198 9.
1096 4148 1138 4198 35.
1164 4144 1240 4199 Aber
1259 4143 1331 4198 auch

156 4215 261 4287 Objelrt
278 4220 409 4287 (corpas).
446 4214 500 4270 Zur
519 4211 609 4268 Sache
627 4212 715 4283 rergl.
770 4212 817 4269 bei
839 4213 931 4269 dieser
955 4213 1067 4268 Auffass
1147 4213 1197 4269 des
1218 4214 1331 4269 Wortes

154 4288 226 4343 Just.
246 4293 288 4344 15.
307 4295 332 4343 3,
352 4295 394 4343 12.
770 4283 911 4341 erscheint
924 4285 974 4340 der
983 4231 1132 4340 Ausdrirnch
1144 4285 1218 4341 noch
1231 4285 1331 4356 hyper·

78 4370 129 4496 Ι
192 4355 717 4427 39.ειιπίπεπῠο,6ὶ)οτε.ι’ὓιωᾶοιι
770 4354 893 4426 bolisoh,
916 4372 999 4411 wenn
1022 4356 1330 4426 manrumalproah
