2790 4792
345 197 596 253 HISTORIARUM
615 197 830 253 ALEXANDRI
849 198 887 261 V,
906 205 931 256 9.
951 206 993 255 10.
1190 199 1255 264 203

80 361 253 443 statuerat,
285 360 423 424 turbatis
448 363 559 425 tamen
586 361 730 425 omnium
757 360 873 424 animis
897 360 1008 425 eodem
1031 362 1066 425 in
1087 363 1158 427 loco
1183 363 1255 426 sub-

80 447 174 514 stitit.
220 446 283 512 Sed
310 449 468 513 attonitus
495 448 657 512 maestitia
685 448 780 512 simul
807 452 841 513 et
863 449 1083 533 desperatione
1105 451 1255 515 taberna-

80 536 154 603 culo
179 558 213 602 se
235 537 374 600 inclusit.
417 535 506 621 Ergo
528 537 563 600 in
587 536 714 619 castris,
733 558 814 621 quae
837 538 956 602 nuliius
979 539 1176 623 regebantur
1197 539 1255 602 im·
1276 559 1309 607 14

79 626 184 710 peric,
212 625 294 688 varii
316 625 498 689 animorum
520 628 628 690 motus
651 628 745 689 erant
767 646 826 689 nec
849 626 884 689 in
907 648 1087 710 commune,
1111 631 1148 691 ut
1171 632 1255 709 ante,

79 713 317 779 consulebatur.
363 710 436 776 Dux
468 712 664 778 Graecorum
696 713 835 779 militum
866 714 989 779 Patron
1021 736 1111 779 arma
1142 737 1255 799 capere
1276 736 1308 785 15

79 824 156 867 suos
183 801 273 866 iubet
299 805 493 886 paratosque
516 823 585 866 esse
609 801 650 865 ad
673 802 894 886 exequendum
916 803 1102 886 imperium:
1140 803 1255 869 Persae

79 894 290 955 secesserant:
327 887 447 954 Bessus
475 912 547 955 cum
571 889 752 955 Bactrianis
780 895 850 955 erat
875 892 1118 976 temptabatque
1139 890 1254 957 Persas
1274 913 1308 963 rs

79 978 252 1062 abducere,
278 976 397 1042 Bactra
420 982 453 1042 et
475 979 615 1043 intactae
637 978 779 1063 regionis
803 979 957 1062 opulenta
980 979 1151 1065 simulque,
1175 1004 1255 1065 quae

78 1068 288 1131 manentibus
319 1068 492 1149 instarent,
523 1068 665 1151 pericula
693 1070 867 1131 ostentans.
911 1067 1083 1132 Persarum
1111 1069 1254 1134 omnium

78 1155 193 1220 eadem
215 1157 282 1220 fere
305 1156 368 1220 fuit
390 1178 465 1238 vox,
488 1155 579 1219 nefas
603 1178 673 1220 esse
696 1156 798 1219 deseri
820 1176 938 1240 regem.
978 1155 1069 1241 Inter
1091 1157 1171 1222 haec
1194 1157 1307 1227 atr-1⁷

77 1244 214 1308 tabanus
237 1245 387 1308 omnibus
410 1244 624 1327 imperatoriis
646 1244 844 1328 fungebatur
862 1243 990 1309 officiis:
1014 1245 1068 1308 ille
1084 1244 1255 1310 Persarum

77 1332 289 1396 tabernacula
319 1332 497 1413 circumire,
532 1332 669 1416 hortari,
701 1354 831 1397 monere
861 1355 949 1397 nuno
978 1333 1138 1418 singulos,
1169 1356 1255 1398 nuno

77 1420 247 1486 universos
279 1442 346 1484 non
379 1424 454 1484 ante
486 1421 621 1504 destitit,
658 1443 756 1506 quam
792 1421 872 1485 satis
904 1424 1068 1486 constaret
1097 1422 1255 1505 imperata

75 1508 232 1574 facturos.
276 1507 366 1572 Idem
398 1529 494 1594 aegre
526 1532 546 1573 a
572 1509 679 1574 Dareo
710 1509 898 1593 inpetravit,
929 1512 966 1573 ut
993 1510 1100 1574 cibum
1128 1516 1256 1594 caperet

78 1597 287 1681 animumque
309 1598 405 1662 rebus
429 1598 616 1662 adverteret.

596 1772 675 1839 Osa.
697 1773 736 1838 X.

22 1900 67 1965 28
169 1896 216 1962 At
232 1895 352 1962 Bessus
375 1901 408 1963 et
425 1896 631 1962 Nabarzanes
656 1897 733 1963 olim
756 1896 915 1981 agttatum
937 1897 1040 1962 scelus
1060 1899 1173 1983 exequi
1192 1903 1288 1968 sta-1

77 1989 178 2050 tuunt
204 1988 298 2071 regni
324 1987 498 2069 eupidItate
525 1986 663 2051 accensi:
700 1984 806 2051 Dareo
835 1990 943 2050 autem
968 1986 1122 2051 ineolumi
1143 1989 1254 2051 tantas

78 2097 158 2159 opes
192 2097 319 2158 sperare
351 2096 418 2139 non
447 2078 604 2159 poterant.
655 2074 780 2158 Quippe
807 2075 842 2138 in
869 2075 933 2139 illis
961 2076 1113 2160 gentibus
1140 2096 1290 2160 regumn

78 2164 197 2228 eximia
220 2164 371 2229 maiestas
395 2167 457 2228 est:
482 2164 666 2229 adnomen
689 2184 816 2248 quoque
838 2164 969 2228 barbari
991 2164 1200 2247 conveniunt,
1224 2168 1256 2227 et

77 2252 236 2337 pristinae
265 2252 429 2316 veneratio
455 2251 605 2317 fortunae
635 2251 778 2335 sequitur
808 2251 983 2317 adversam.
1027 2252 1169 2317 Inflabat
1196 2252 1290 2322 im·3

78 2363 151 2425 pros
175 2340 300 2405 animos
324 2341 427 2425 regio,
454 2341 504 2405 oui
526 2344 710 2424 praeerant,
740 2341 838 2404 armis
861 2341 1002 2426 virisque
1025 2345 1057 2405 et
1080 2341 1186 2425 spatio
1209 2342 1256 2406 lo·

79 2451 192 2493 corum
224 2429 306 2492 nulli
338 2450 448 2493 earum
480 2429 627 2514 gentium
657 2428 810 2493 secunda:
847 2431 977 2494 tertiam
1007 2433 1133 2512 partem
1155 2428 1255 2495 Asiae

77 2521 183 2601 tenet,
220 2517 391 2581 multitudo
424 2518 587 2582 iuniorum
619 2517 789 2600 exercitus,
826 2540 907 2602 quos
940 2518 1092 2581 amiserat
1120 2517 1256 2601 Dareus,

78 2606 251 2690 aequabat.
302 2606 417 2689 Itaque
453 2627 522 2670 non
552 2606 644 2669 illum
676 2606 782 2689 modo,
819 2607 874 2670 sed
907 2606 1004 2670 etiam
1034 2606 1292 2677 Alexandrum

116 2802 159 2850 14.
168 2798 205 2850 ia
219 2810 382 2850 commane
393 2797 640 2864 consulebatur,
696 2796 741 2851 die
759 2796 927 2866 Aenderung
945 2798 1122 2865 opulentiam.
1148 2797 1174 2851 S.
1186 2803 1255 2852 10.9

77 2867 196 2921 wurden
227 2866 452 2947 gemeinsame
479 2866 641 2922 Besohltisse
696 2868 773 2923 boote
791 2873 816 2922 et
833 2868 982 2936 opalentia.

78 2937 195 3008 gefasst,
213 2937 392 2992 emheitliche
406 2937 576 3008 Massregeln
594 2955 641 3008 ge·

76 3008 189 3064 troffen.
227 3007 379 3063 Ebenso9.
401 3014 424 3062 1.
444 3015 487 3062 21.
917 2991 978 3047 0³1²·
999 2992 1033 3046 X·

733 3087 756 3135 1.
779 3082 899 3149 scelus,
928 3080 982 3135 den
1006 3080 1090 3147 Plan,
1119 3079 1179 3134 sich
1207 3081 1256 3136 des

720 3150 1257 3221 hroneszubemaehtigemdazuschien

78 3257 192 3312 sec
218 3258 279 3322 m
350 3257 558 3325 omo
695 3220 1209 3362 aa,
1222 3222 1256 3277 ¹³·

78 3326 441 3466 Mitt
459 3326 642 3455 ttttt
696 3364 1186 3500 ,tartesiacas
1200 3361 1260 3487 st

82 3469 110 3524 S·
129 3469 264 3539 fibrigem
283 3476 325 3524 ¹¹·
347 3475 369 3522 ¹·
696 3503 960 3558 blosseNennun
993 3502 1257 3573 deskangl.Na·

119 3580 160 3628 16.
182 3573 311 3643 Persae,
329 3573 370 3628 im
379 3572 576 3644 engernSinne
587 3573 643 3628 die
697 3591 787 3628 mens
804 3574 871 3628 hin.
898 3574 948 3628 Als
961 3520 1119 3644 degenerata
1133 3574 1259 3628 schwebt

80 3644 254 3714 gebornen
276 3645 403 3700 Perser.
440 3643 522 3699 Diese
544 3645 644 3700 hatten
697 3643 1258 3715 v0r=Zwang,Gesete,fcrm1ichaus-

81 3714 142 3770 sich
161 3713 297 3768 ebensalls
315 3714 368 3769 wie
387 3716 433 3770 die
447 3715 553 3786 grieoh.
564 3716 644 3771 sold·
698 3714 864 3786 gofertigter
881 3715 981 3770 Befehl
998 3735 1025 3770 u.
1040 3716 1128 3786 dergl.
1141 3746 1173 3754 -
1187 3715 1258 3783 pri·

80 3802 132 3840 ner
153 3800 210 3840 von
232 3785 286 3840 den
308 3785 426 3856 strigon
444 3787 579 3857 Truppen
597 3787 645 3842 ab·
698 3787 808 3841 eticae
831 3785 861 3838 in
880 3784 984 3840 diesem
1002 3787 1081 3840 Falle
1105 3784 1195 3840 soviel
1216 3783 1258 3838 als

81 3855 240 3927 gesondert.
261 3887 294 3895 -
322 3858 506 3925 temptabat
531 3875 552 3912 s.
570 3857 644 3913 Einl.
694 3871 850 3927 prosperae.
1251 3921 1257 3934 ⁸

80 3934 106 3994 §-
122 3928 194 3983 seb.
206 3957 239 3966 -
259 3922 645 3998 obducere=oirrocrfpooa
735 3934 759 3982 3.
779 3926 1057 3994 arctissimeque,
1076 3941 1106 3980 so
1125 3923 1199 3979 efter
1212 3923 1260 3976 ber

81 3998 208 4054 namlich
236 4000 273 4053 od
292 4003 389 4067 portes
410 4013 483 4053 euos.
503 4028 537 4040 -
565 4016 645 4068 opa-
699 3997 727 4053 C.
746 3998 820 4053 nach
837 3995 943 4065 Vergil.
962 4027 996 4035 -
1015 3993 1259 4049 secando=ce

82 4071 176 4125 loeta
192 4069 270 4124 kann
287 4069 359 4123 nach
378 4068 443 4124 dem
461 4069 645 4141 Sprachgebr.
699 4070 778 4137 deos,
792 4067 996 4136 posthabendas
1017 4064 1057 4118 ist
1075 4061 1259 4126 dichterisch;

83 4139 133 4195 des
152 4139 182 4195 C.
205 4154 258 4194 nur
279 4139 430 4210 partitio
455 4140 561 4210 getaset
577 4156 645 4194 wor-
699 4140 773 4195 doch
790 4138 878 4193 findet
896 4136 956 4190 sich
972 4133 1095 4190 disselbs
1109 4128 1260 4212 Construk·

83 4211 141 4266 den
152 4236 187 4257 τε
198 4210 245 4266 dis
254 4210 394 4265 rei'chc'n
405 4211 549 4280 Strecken,
559 4209 645 4265 Gane.
698 4211 760 4266 tion
779 4210 851 4265 auch
869 4207 929 4262 Liv.
944 4212 987 4261 23.
1004 4212 1045 4259 10.
1061 4209 1077 4261 7,
1094 4200 1168 4254 nulle
1183 4199 1261 4282 Gem-

85 4281 126 4336 Zu
139 4281 319 4353 vergleichen
331 4281 371 4336 ist
388 4283 421 4336 io
433 4283 519 4336 iactis
531 4286 557 4335 et
570 4296 645 4350 aspe-
694 4298 836 4351 parcorum
844 4278 985 4335 secamdas.
993 4304 1025 4316 -
1040 4271 1184 4338 tertiam,
1199 4286 1261 4327 erne

83 4355 442 4409 ricsoororrem'l.11.18.
476 4352 557 4407 Nehe
575 4351 647 4421 liegt
699 4352 793 4406 starke
812 4348 963 4420 Hyperbel.
1018 4355 1020 4360 '

98 3186 104 3198 .
116 3120 159 3169 15.
172 3114 310 3195 Potroe.
324 3112 422 3196 Dieser
430 3112 595 3185 Peragraph
603 3115 643 3170 ist
696 3151 719 3205 Τ

78 3202 143 3241 erne
160 3184 406 3254 Exemphficatron
424 3185 473 3240 des
486 3185 642 3255 Vorherge-
