2790 4792
129 207 195 270 192
585 204 617 270 Q.
637 203 746 259 crem
765 203 852 258 nrm

89 369 355 454 esequebantur.
407 365 492 431 Huic
519 365 621 431 Biton
648 366 781 451 quidam
807 367 952 431 nationis
984 367 1148 450 eiusdem,
1181 368 1240 433 sod
1272 369 1314 434 ob

128 458 380 524 aemulationem
419 455 558 520 infestus
595 455 786 538 conparavit
822 454 959 519 insidias
990 455 1240 541 invitatumque
1274 457 1315 521 ad

129 547 241 630 epulas
273 567 331 628 per
358 543 486 608 Boxum
519 543 679 629 quendam
707 543 913 627 Margianum
939 544 976 607 in
1002 545 1156 610 convivio
1185 544 1316 611 occidit.
1371 614 1375 623 ,

92 650 110 697 5
129 634 265 699 Postero
280 633 332 697 die
346 632 498 697 contione
513 633 671 697 advocata
686 631 762 696 Bito
776 631 864 696 ultro
878 631 1070 696 insidiatum
1083 633 1150 699 sibi
1164 633 1315 699 Atheno-
1371 626 1375 643 '

129 723 245 788 dorum
268 722 431 805 plerisque
454 727 674 804 persuaserat:
698 720 756 784 sed
779 720 854 785 aliis
878 725 1029 804 suspecta
1052 726 1126 786 erat
1148 720 1244 787 fraus
1263 721 1316 786 Bi·

92 812 217 876 stonis
245 816 279 873 et
305 809 465 893 paulatim
492 810 527 873 in
556 809 667 893 plures
695 809 802 893 coepit
830 830 964 873 manare
993 810 1147 894 suspicio.
1199 811 1316 895 Itaque

129 899 246 965 Graeci
270 899 393 962 milites
417 920 509 962 arma
533 899 667 980 capiunt
689 897 827 962 occisuri
850 897 1016 980 Bitonem,
1043 898 1073 962 si
1100 899 1242 964 daretur
1264 921 1316 965 oc-

130 988 232 1053 casio:
255 990 398 1051 ceterum
418 986 579 1069 principes
598 1008 711 1051 eorum
728 987 812 1050 iram
830 986 1050 1052 multitudinis
1067 987 1315 1072 mitigaverunt.

94 1091 110 1139 ‘1
128 1076 263 1140 Praeter
282 1096 374 1159 spem
393 1097 485 1139 suam
503 1073 604 1139 Biton
621 1075 784 1158 praesenti
803 1074 948 1157 periculo
967 1078 1099 1158 ereptus
1117 1077 1222 1159 paulo
1240 1081 1316 1160 post

130 1170 176 1229 est
197 1164 371 1228 insidiatus
401 1162 588 1227 auctoribus
617 1163 733 1228 salutis
762 1183 854 1227 suae:
886 1163 977 1227 cuius
1007 1163 1083 1228 dolo
1111 1165 1251 1248 cognito
1282 1169 1314 1229 et
1368 1238 1373 1253 ἱ

94 1255 238 1334 8ipsum
262 1252 564 1334 conprehenderunt
591 1256 624 1315 ct
645 1251 783 1317 Boxum.
828 1248 982 1316 Ceterum
1002 1251 1134 1316 Boxum
1160 1253 1315 1336 protinus

129 1341 253 1425 placuit
275 1341 425 1420 interfici,
447 1337 600 1403 Bitonem
624 1341 723 1404 etiam
741 1362 800 1425 per
819 1339 998 1405 cruciatum
1015 1339 1135 1404 necari.
1178 1341 1315 1426 Iamque

131 1427 258 1512 corpori
287 1432 452 1492 tormenta
479 1427 750 1509 admovebantur,
777 1449 850 1492 cum
873 1426 990 1492 Graeci
1015 1465 1054 1474 -
1078 1428 1246 1494 incertum
1274 1431 1314 1495 ob

94 1532 229 1601 aquam
249 1538 381 1580 causam
399 1516 641 1599 -lymphatis
660 1517 783 1580 simile's
808 1516 849 1580 ad
872 1539 962 1580 arma
983 1516 1183 1582 discurrunt.
1231 1517 1315 1594 Quo·

131 1627 205 1669 rum
227 1604 361 1668 fremitu
385 1604 547 1685 exaudito,
571 1605 628 1689 qui
650 1609 803 1690 torquere
822 1603 976 1669 Bitonem
997 1606 1080 1670 iussi
1103 1610 1212 1690 erant,
1236 1607 1315 1672 omi·

132 1714 203 1758 scre
226 1693 332 1775 veriti,
354 1715 395 1757 ne
419 1692 453 1757 id
475 1693 582 1758 facere
606 1693 878 1758 tumultuantium
901 1692 1136 1759 vociferatione
1159 1695 1315 1778 prohibe

79 1796 113 1844 10
133 1785 253 1846 rentur.
294 1780 364 1865 Ille,
383 1782 468 1846 sicut
486 1780 626 1846 nudatus
646 1785 725 1863 erat,
743 1782 892 1866 pervenit
910 1781 951 1845 ad
964 1779 1105 1847 Graecos
1125 1785 1160 1847 et
1179 1785 1315 1849 misera·

131 1871 209 1935 bilis
246 1870 347 1935 facies
380 1871 541 1954 supplicio
575 1870 731 1935 destinati
764 1871 799 1934 in
827 1869 991 1934 diversum
1018 1871 1146 1935 animem
1179 1876 1316 1957 repente

79 1973 111 2021 11
132 1960 271 2024 mutavit
294 1959 481 2043 dimittique
504 1981 578 2024 eum
601 1960 771 2024 iusserant
816 1957 889 2023 Hoc
911 1957 1007 2023 modo
1030 1980 1136 2042 poena
1158 1960 1214 2026 bis
1237 1961 1316 2027 libe·

131 2051 223 2113 ratus
247 2069 321 2112 cum
344 2048 476 2129 ceteris,
504 2048 560 2131 qui
588 2048 732 2112 colonias
755 2069 775 2111 a
798 2066 875 2131 rege
899 2047 1076 2113 attributas
1098 2048 1315 2134 reliquerunt,

132 2135 268 2201 revertit
295 2136 330 2199 in
358 2137 508 2219 patriam.
554 2135 644 2201 Haec
672 2136 757 2201 circa
779 2134 899 2200 Bactra
927 2140 961 2200 et
984 2133 1181 2219 Scytharum
1205 2139 1316 2203 termi-

132 2246 192 2288 nos
241 2228 320 2288 csta.

80 2326 113 2374 12
217 2244 360 2376 interim
388 2332 499 2395 regem
527 2312 665 2377 duarum
693 2313 852 2397 gentium,
876 2312 915 2376 dc
943 2313 1059 2396 quibus
1088 2315 1165 2377 ante
1190 2313 1353 2379 dictumtl

134 2404 193 2478 est,
217 2416 236 2462 c
261 2400 362 2483 legati
388 2402 515 2464 adeunt.
562 2401 681 2465 Omnes
701 2423 796 2465 curru
815 2400 1025 2483 vehebantur,
1047 2401 1168 2465 eximia
1188 2404 1315 2486 magni·

133 2488 245 2552 tudine
274 2510 461 2571 corporum,
494 2490 608 2553 decoro
637 2489 769 2553 habitu:
802 2489 907 2553 lineae
939 2493 1046 2553 vestes
1074 2490 1205 2555 intexto
1235 2513 1313 2556 auro

81 2591 113 2639 13
133 2600 340 2661 purpuraque
370 2577 559 2642 destinatae.
608 2577 651 2641 Eli
684 2600 718 2641 se
747 2577 862 2642 dedere
891 2579 995 2662 ipsos,
1026 2577 1123 2642 urbes
1152 2599 1314 2665 agrosque

134 2667 329 2747 referebant,
353 2689 411 2749 per
429 2668 481 2729 tot
501 2670 626 2730 aetates
645 2666 836 2730 inviolatam
855 2665 1040 2731 libertatem
1060 2666 1151 2731 illius
1170 2669 1314 2750 primum

134 2754 209 2819 fidei
233 2755 415 2838 dicionique
438 2756 667 2838 permissuros:
691 2755 768 2818 deos
788 2754 851 2818 sibi
870 2754 1043 2819 deditionis
1062 2759 1226 2840 auctores,
1248 2779 1313 2822 nou

82 2859 115 2905 14
134 2845 270 2924 metum,
300 2844 418 2925 quippe
442 2843 574 2907 intactis
597 2844 721 2907 viribus
745 2844 858 2927 iugum
881 2844 1035 2927 excipere.
1080 2843 1151 2907 Rex
1175 2845 1312 2910 consilio

133 2930 249 2994 habito
282 2930 409 2994 deditos
443 2931 477 2994 in
508 2932 604 2995 fidem
637 2933 760 3014 accepit
797 2932 973 3015 stipendio,
1006 2931 1091 3015 quod
1122 2932 1312 2999 Arachosiis

133 3087 412 3156 spectarepl·aedom;
428 3085 696 3142 Liv.9.10.5armo
750 3088 813 3141 ders
828 3088 898 3154 Tod,
914 3105 970 3142 von
984 3090 1039 3142 den
1052 3087 1255 3146 Macedoniarn
1267 3108 1310 3144 au·
1386 3106 1390 3125 ··

134 3159 228 3211 carecti
242 3162 372 3225 spectant.
402 3157 452 3210 Bei
465 3158 521 3212 deu
536 3157 696 3213 Classilrern
751 3159 1013 3228 sammengchauen.

134 3229 216 3282 daftir
234 3245 276 3283 res
294 3234 396 3297 spectat
414 3230 452 3284 cd
470 3245 557 3282 armo.
787 3235 829 3283 12.
848 3231 992 3284 duorum
1004 3231 1167 3300 pontiam,
1182 3232 1211 3286 d.
1222 3233 1250 3288 h.
1264 3232 1311 3286 der

169 3305 195 3353 4.
218 3300 331 3354 Biton.
370 3301 427 3353 Das
446 3316 534 3369 ganzo
553 3299 696 3369 Ereiguiss
752 3299 891 3354 Sudracae
910 3318 936 3354 u.
955 3300 1044 3356 Malli.
1061 3331 1093 3341 -
1111 3303 1253 3368 calocio,
1272 3319 1309 3358 er·

134 3370 275 3424 berichtet
293 3370 321 3424 C.
341 3371 435 3424 alleiu.
751 3374 838 3439 ganne
862 3376 942 3425 cram
963 3389 989 3426 u.
1014 3372 1070 3441 vgl.
1093 3372 1247 3442 bearigliob
1265 3373 1310 3427 des

171 3446 195 3493 ὅ.
214 3442 320 3505 altro,
340 3441 366 3496 d.
386 3442 404 3494 i.
424 3442 497 3494 ohne
512 3441 578 3510 jede
592 3441 696 3496 Veran·
752 3441 889 3496 Satzbaus
909 3441 953 3495 dic
972 3440 1054 3498 Aum.
1073 3461 1107 3496 zu
1121 3449 1146 3498 3.
1162 3449 1188 3497 3.
1204 3450 1238 3498 27
1257 3441 1310 3498 und

134 3511 248 3579 lassung
270 3512 435 3565 seinerseits.
456 3543 489 3551 —
508 3529 644 3566 macore
663 3538 696 3557 =
751 3511 796 3566 die
815 3513 948 3566 thuliche
967 3512 1054 3566 Stelle
1073 3520 1114 3568 10.
1135 3519 1160 3568 5.
1180 3520 1225 3570 27.

131 3584 287 3650 propoparc'
306 3582 355 3635 hat
374 3584 446 3636 auch
466 3581 571 3637 Cicero.
788 3589 830 3638 13.
849 3584 941 3652 ipsos
959 3583 1013 3638 vvie
1031 3590 1056 3640 8.
1076 3590 1110 3639 28
1128 3600 1157 3638 sc
1174 3588 1252 3655 ipsos
1267 3601 1311 3640 ar-

171 3658 195 3705 8.
224 3653 397 3708 incertum.
438 3654 526 3707 Ueber
550 3653 595 3707 die
614 3654 697 3707 Form
752 3655 859 3722 remque
877 3655 1049 3709 dediderunt.
1069 3658 1310 3724 —primum=

136 3723 186 3776 der
202 3723 374 3777 Pareuthese
393 3742 414 3779 s.
433 3723 505 3778 Einl.
525 3730 539 3789 ξ
557 3730 604 3794 503
627 3725 698 3777 fiber
751 3719 781 3777 cd
801 3726 926 3793 πρῶτον;
950 3725 1107 3780 deutlicher
1126 3731 1204 3782 ware
1221 3728 1311 3797 prinu.

135 3795 270 3863 lymphati
289 3812 309 3847 s.
329 3801 355 3848 4.
376 3800 417 3848 12.
437 3801 470 3848 14
494 3796 627 3864 lymphati
645 3801 696 3849 tre·
747 3795 861 3849 Ebenso
883 3797 1006 3864 primam
1032 3797 1077 3850 fur
1099 3798 1195 3866 primo
1220 3805 1260 3853 10.
1279 3803 1311 3852 24

130 3867 233 3932 pictore
251 3872 405 3933 coeperant.
750 3866 807 3919 und
826 3865 886 3920 Liv.
907 3872 932 3921 2.
953 3872 994 3921 18.
1014 3873 1031 3920 4
1049 3869 1175 3937 primum
1192 3870 1240 3924 fur
1252 3870 1311 3952 ρκ’
1376 3886 1382 3943 j

172 3943 213 3990 10.
240 3937 595 3991 sicataadatasctat.
633 3936 697 3990 Die·
750 3952 818 3990 mus.
851 3938 932 3991 Nach
946 3937 1185 3994 Arriaudatirteu
1199 3940 1312 3997 sierhrc
1375 3952 1379 3991 i

136 4007 212 4060 selbo
237 4006 344 4061 Constr.
369 4026 395 4060 u.
422 4007 551 4076 Stellung
575 4013 615 4060 10.
636 4013 696 4060 42
753 4009 922 4063 Autonomie
940 4025 996 4062 von
1015 4008 1079 4062 dem
1093 4009 1171 4080 Zuge
1186 4011 1236 4066 dos
1249 4011 1312 4066 Dio·
1374 4008 1379 4023 '

134 4080 207 4130 sicut
224 4079 312 4131 cincti
329 4083 415 4131 erant.
751 4095 836 4147 nysos
854 4079 943 4133 durch
961 4080 1061 4134 Indieu
1079 4079 1138 4136 her.
1373 4078 1378 4128 ἓ

174 4147 698 4216 11.Scytboramtcrmicos.Nach
788 4155 830 4203 14.
849 4151 1058 4206 Arachosiis.
1087 4150 1311 4208 O.scheiuthier
1374 4150 1379 4209 ἰ

136 4217 697 4288 DiodorerreichteudicFlfichtigendas
752 4219 1111 4287 dieNotizseinerQuellen
1120 4223 1311 4279 missverstau·
1375 4240 1378 4247 ·

135 4288 290 4342 Vaterland
316 4289 407 4359 nicht,
436 4291 557 4345 sondern
584 4290 699 4344 wurdeu
753 4290 807 4345 den
825 4310 858 4345 zu
876 4292 976 4345 haben.
1010 4293 1060 4360 So,
1080 4292 1134 4348 wie
1154 4294 1201 4350 die
1215 4294 1311 4349 Worte

128 4361 299 4432 untcrvvegs,
321 4360 394 4417 doch
414 4363 473 4418 erst
490 4361 566 4417 nach
580 4361 700 4415 Alexan·
753 4362 1311 4431 uberlietertsind,kbuuenrievohlnur
