2790 4792
376 199 631 256 Hieroumnun
649 200 866 255 ALEXANDRI
889 202 942 271 IV,
963 209 1003 258 13.
1214 204 1278 268 155

99 365 187 429 bitas
214 386 232 428 1
260 362 448 428 vecordibus
475 382 607 445 poenas.
651 359 720 426 Nec
742 363 849 446 ipsum
872 363 986 428 ducem
1008 365 1170 430 saniorem
1193 388 1276 431 esse:

97 453 218 537 quippe
241 452 307 516 ritu
328 451 470 514 ferarum
488 449 641 532 praedam
659 451 764 535 modo,
788 473 883 535 quam
903 455 1075 537 expeteret,
1096 454 1277 520 intuentem
1297 476 1331 525 14

98 542 136 605 in
157 540 345 625 perniciem,
368 559 450 621 quae
474 541 549 601 ante
571 537 725 621 praedam
747 539 855 622 posita
878 543 974 623 esset,
996 541 1181 607 incurrere?

190 627 311 693 Similis
340 626 425 710 apud
448 624 642 690 Macedones
665 648 793 711 quoque
817 628 998 692 sollicitudo
1022 632 1104 693 erat:
1134 635 1276 695 noctem·

97 739 162 802 que
191 716 280 781 velut
306 717 341 780 in
368 736 439 779 eam
467 715 641 778 certamine
665 715 769 779 edicto
792 719 881 780 metu
904 720 1048 800 egerunt.
1094 717 1277 785 Alexander
1296 741 1330 789 11

98 828 168 870 non
192 805 271 868 alias
295 803 399 887 magis
421 803 554 867 territus
578 803 619 867 ad
642 807 719 867 vota
742 806 774 867 et
795 825 906 887 preces
920 803 1149 870 Aristandrum
1167 808 1277 872 vocari

96 893 198 957 iubet.
244 892 303 956 Ille
330 892 364 954 in
389 890 526 955 candida
548 894 638 956 veste
660 892 818 956 verbenas
840 914 940 958 manu
962 893 1148 976 praeferens
1171 896 1276 978 eapite

98 982 207 1045 velato
234 979 383 1064 praeibat
409 1000 520 1062 preces
547 980 617 1065 regi
644 979 755 1045 Iovem
777 978 1019 1064 Minervamque
1043 985 1075 1045 et
1096 979 1276 1047 Victoriam

97 1069 300 1153 propitianti.
345 1067 437 1131 Tunc
469 1067 598 1151 quidem
631 1069 785 1133 sacrificio
816 1069 878 1132 rite
904 1071 1091 1153 perpetrato
1118 1070 1277 1154 reliquum
1296 1093 1329 1142 11

98 1157 205 1222 noctis
239 1157 446 1241 adquieturus
473 1157 509 1219 in
535 1156 779 1221 tabernaculum
806 1157 909 1221 rediit.
955 1155 1017 1221 Sed
1043 1179 1103 1223 nec
1126 1180 1276 1224 somnum

98 1266 214 1328 capere
242 1266 302 1309 nec
329 1245 470 1329 quietem
496 1245 566 1327 pati
592 1248 733 1328 poterat:
770 1245 866 1310 modo
890 1267 907 1309 e
929 1245 1007 1330 iugo
1031 1247 1152 1311 montis
1175 1249 1277 1312 aciem

98 1335 134 1397 in
165 1333 314 1398 dextrum
341 1332 514 1398 Persarum
546 1354 646 1397 cornu
673 1333 841 1397 demittere
869 1333 1029 1419 agitabat,
1061 1335 1158 1400 modo
1188 1340 1277 1400 recta

96 1421 207 1486 fronte
231 1442 419 1487 concurrere
434 1420 533 1505 hosti,
554 1421 717 1486 interdum
730 1422 899 1507 haesitare,
921 1444 964 1486 an
977 1423 1086 1506 potius
1100 1423 1136 1487 in
1149 1424 1276 1489 laevum

98 1511 303 1594 detorqueret
326 1530 451 1594 agmen.
484 1509 630 1573 Tandem
653 1514 825 1595 gravatum
849 1510 950 1575 animi
972 1512 1135 1576 anxietate
1158 1533 1275 1596 corpus
1296 1532 1328 1582 1⁷

98 1599 197 1664 altior
219 1620 351 1663 somnus
374 1597 544 1681 oppressa

40 1687 88 1751 49
187 1687 321 1770 Iamque
344 1688 415 1752 luce
439 1688 512 1750 orta
535 1685 631 1749 duces
646 1685 687 1749 ad
706 1686 893 1769 accipienda
908 1688 1043 1770 imperia
1057 1694 1277 1754 convenerant

99 1776 232 1842 insolito
262 1776 345 1840 circa
371 1774 568 1857 praetorium
596 1773 725 1837 silentio
749 1775 894 1838 attoniti:
926 1775 1045 1858 quippe
1068 1776 1148 1840 alias
1171 1798 1275 1841 accer-
1295 1797 1329 1846 18

99 1887 168 1929 sere
191 1864 281 1947 ipsos
304 1866 338 1927 et
359 1862 520 1927 interdum
543 1864 706 1925 morantes
730 1863 888 1946 castigare
912 1863 1109 1946 adsueverat,
1133 1867 1275 1929 tuncne

99 1953 215 2017 ultimo
239 1951 369 2036 quidem
390 1972 499 2015 rerum
522 1949 705 2013 discrimine
728 1951 903 2015 excitatum
926 1971 996 2015 esse
1018 1950 1221 2016 mirabantur
1244 1957 1277 2017 et

99 2062 167 2106 non
200 2062 314 2105 somno
347 2039 523 2124 quiescere,
555 2037 612 2102 sed
642 2058 762 2121 pavore
794 2059 935 2103 marcere
967 2039 1149 2103 credebant.
1198 2039 1276 2106 Non
1296 2061 1328 2109 11

96 2132 209 2193 tamen
237 2129 407 2211 quisquam
435 2149 473 2190 ex
501 2125 688 2191 custodibus
715 2127 858 2209 corporis
885 2127 1008 2190 intrare
1030 2127 1276 2194 tabernaculum

95 2217 253 2281 audebat:
286 2219 319 2280 et
345 2216 411 2279 iam
436 2218 565 2298 tempus
592 2214 736 2278 instabat
762 2235 821 2278 nec
844 2215 935 2279 miles
958 2215 1084 2279 iniussu
1107 2216 1196 2281 ducis
1220 2221 1277 2280 aut

96 2327 190 2369 arma
219 2325 332 2388 capere
359 2305 487 2387 poterat
510 2306 566 2367 aut
588 2303 624 2367 in
646 2301 775 2367 ordines
798 2303 853 2365 ire.
898 2301 962 2366 Diu
985 2302 1156 2369 Parmenio
1180 2326 1276 2369 cunc-
1294 2325 1329 2373 ‘ro

95 2396 201 2477 tatus,
234 2393 341 2457 cibum
363 2395 401 2455 ut
423 2393 589 2474 caperent,
618 2391 687 2474 ipse
713 2391 912 2474 pronuntiat.
957 2390 1090 2476 Iamque
1113 2393 1199 2457 exire
1221 2415 1275 2457 ne·

98 2503 188 2545 cesse
212 2483 294 2545 erat:
317 2484 396 2544 tunc
415 2479 544 2543 demum
562 2480 663 2543 intrat
680 2478 926 2543 tabernaculum
941 2480 1130 2564 saepiusque
1144 2482 1275 2546 nomine

98 2569 326 2653 conpellatum,
349 2589 422 2632 cum
443 2588 522 2632 voce
542 2588 610 2631 non
626 2570 746 2651 posset,
767 2570 857 2631 tactu
871 2567 1031 2631 excitauit.
1069 2567 1184 2632 ‘Multa
1197 2569 1275 2654 lux',
1294 2590 1327 2637 21

98 2658 218 2743 inquit,
247 2657 321 2722 ‘estt
352 2657 544 2721 instructam
567 2655 668 2723 aciem
689 2655 794 2726 hostis
817 2654 973 2725 admovit:
1006 2660 1081 2725 tuus
1104 2657 1196 2724 miles
1221 2658 1274 2722 ad-

136 2884 181 2935 14.
209 2882 343 2949 positu,
373 2879 427 2934 wie
455 2879 559 2948 laquei,
590 2878 662 2932 retia
715 2884 740 2932 3.
760 2884 786 2933 3.
805 2882 848 2930 23.
885 2874 1065 2929 Anderwtrts
1087 2873 1138 2926 hat
1160 2869 1191 2927 C.
1217 2873 1275 2926 luce

92 2957 304 3078 ppasqqltpnrda}
316 2951 444 3077 ecdqcr'ecrteo,
461 2949 662 3090 vgiesqeqrpm
710 2948 896 3074 {mrem
920 2946 990 3001 tucis
1014 2949 1117 3014 1111111),
1143 2947 1274 3012 exortum,

99 3092 155 3147 wie
179 3100 203 3148 7.
223 3099 247 3148 t.
268 3100 301 3148 16
328 3098 431 3147 rwctcm
453 3093 515 3161 epit.
552 3089 661 3145 Ebenso
752 3097 794 3147 18.
821 3092 1038 3146 mirabantur
1066 3118 1099 3138 =
1123 3090 1163 3147 sie
1189 3091 1276 3147 sahen

100 3164 162 3219 Liv.
182 3171 224 3218 21.
239 3170 282 3218 34.
298 3170 313 3218 9
332 3179 439 3232 reoaqrcc
456 3179 516 3217 arra
534 3167 597 3216 aeto
615 3167 661 3216 est.
715 3161 769 3217 mit
786 3161 961 3217 Befremden.
980 3178 1149 3218 —eomrco
1167 3165 1276 3232 quice-

138 3240 180 3289 13.
198 3237 236 3289 irc
253 3234 403 3289 candido
420 3239 514 3289 reete.
538 3232 661 3302 118115.
716 3250 795 3288 cere.
828 3232 865 3288 So
883 3232 956 3287 Plin.
975 3239 1135 3303 epp.6.16.
1152 3240 1184 3287 13
1203 3236 1275 3301 quic-

102 3311 135 3360 27
154 3306 322 3360 Aristander
339 3305 404 3359 utba
421 3309 491 3358 ceste
508 3304 663 3358 indutaeet
715 3305 755 3358 cit
777 3305 916 3358 1111111111)
937 3319 1038 3357 comeo.
1067 3333 1100 3342 —
1132 3319 1276 3358 marcere

101 3377 199 3430 dcam
208 3375 368 3444 praeserere
381 3377 512 3430 1111111111).
530 3374 664 3429 Ueberirr
717 3400 751 3419 =
776 3373 934 3444 gelahmt
962 3373 1045 3442 sein,
1077 3372 1131 3428 wie
1157 3390 1276 3429 marcere

102 3463 121 3500 s.
140 3445 213 3500 Einl.
238 3451 262 3511 ξ.
282 3452 316 3502 20
334 3447 416 3501 unter
433 3447 473 3501 c'rr.
499 3476 530 3484 -
553 3446 662 3500 verbe·
716 3447 833 3501 1111111111
850 3444 897 3498 bei
914 3443 1018 3498 Livius.

101 3533 176 3585 aaa,
212 3517 275 3572 hier
305 3517 346 3570 im
376 3516 493 3572 weitern
521 3515 605 3571 Sinna
628 3541 662 3561 =
754 3522 795 3570 19.
828 3516 981 3570 custodes
1012 3518 1179 3585 corporis,
1215 3516 1277 3572 hier

101 3586 234 3658 heilige
247 3587 395 3643 Krduter
413 3588 554 3657 (horbeer,
573 3586 662 3654 olive,
717 3584 794 3641 wohl
811 3604 845 3640 zu
858 3586 1004 3641 verstehen
1017 3604 1072 3642 von
1086 3588 1141 3643 den
1155 3594 1171 3642 3
1186 3605 1276 3659 σωμα-

101 3656 282 3729 Myrteeto.)3
301 3677 389 3728 urspr.
401 3684 435 3704 ==
447 3660 594 3731 λιβανωτίς
607 3660 663 3728 (ros
716 3652 876 3726 τοφύλακες
900 3657 1202 3728 (‘Kammerherren'),
1230 3659 1276 3713 die

100 3730 247 3798 1111111111).
271 3758 303 3770 ·-
339 3731 539 3797 Mineruam,
571 3730 662 3784 neben
717 3728 913 3783 abwechselnd
934 3728 989 3783 den
1006 3728 1106 3785 Dienst
1127 3729 1203 3784 beim
1220 3729 1276 3784 Ko-

100 3798 214 3869 Jupiter
236 3817 292 3856 von
310 3800 389 3854 Alex.
413 3799 527 3854 verehrt
545 3801 617 3854 auch
636 3805 661 3853 3.
716 3798 782 3870 nige
800 3800 907 3869 hatten,
927 3818 946 3854 s.
962 3801 1023 3856 Arr.
1035 3808 1059 3856 6.
1070 3807 1113 3856 23.
1124 3831 1157 3839 -
1176 3801 1277 3854 etiam

103 3876 145 3925 12.
163 3876 207 3925 27.
232 3903 264 3911 -
288 3871 515 3941 propitianti.
552 3869 663 3926 Ebenso
717 3871 1276 3927 =unddoch...bereits.-r'rror-

103 3946 128 3994 7.
148 3947 191 3998 24.
717 3943 1275 4011 1111111111τ-111111111,11251111.

140 4019 181 4067 13.
200 4018 279 4068 turre
296 4013 437 4082 quidem,
456 4013 506 4066 act
523 4008 585 4067 τότε
601 4012 663 4082 μέν,
753 4019 795 4068 2ο.
815 4015 920 4082 occire,
939 4014 1011 4081 aba,
1029 4014 1086 4083 vgl.
1105 4010 1183 4066 Caes.
1202 4011 1230 4067 b.
1248 4029 1277 4081 g.

102 4080 221 4153 (degens.
230 4084 325 4138 1111-
340 4084 488 4152 quictem,
499 4083 548 4137 das
555 4083 662 4154 11111113-
718 4088 743 4138 3.
761 4090 805 4138 46.
820 4090 845 4140 3.
870 4083 1018 4139 Parmenio
1036 4100 1095 4137 war
1112 4081 1209 4136 keiner
1228 4082 1277 4136 der

102 4153 196 4222 liegen
215 4153 287 4207 ohne
306 4153 410 4208 Schlaf.
430 4186 463 4194 -
487 4155 620 4224 apitarc
638 4170 661 4208 c.
715 4155 837 4209 custodes
854 4156 989 4223 corporis,
1009 4154 1076 4208 aber
1093 4152 1277 4208 Hbchstcom-

101 4222 151 4277 inf.
176 4241 196 4277 1.
215 4223 288 4279 Einl.
307 4229 331 4288 §-
350 4230 392 4279 34.
421 4257 454 4265 -
482 4226 662 4290 haesitare,
716 4224 918 4280 mandirender.

100 4291 151 4347 inf.
170 4294 237 4347 hist.
255 4294 376 4362 parallel
393 4313 427 4349 zu
444 4295 576 4364 upitubat.
752 4301 794 4350 21.
812 4297 917 4350 multu
936 4296 1008 4361 trra,
1030 4295 1087 4364 ng
1105 4295 1194 4349 multa
1210 4310 1276 4362 coa,
1385 4296 1389 4301 '

139 4371 180 4419 13.
205 4365 276 4420 luce
298 4371 385 4435 orta,
413 4367 466 4420 uie
485 4367 542 4420 luce
560 4365 663 4420 oricate
715 4368 803 4423 multu
820 4367 886 4434 dies,
906 4390 940 4410 =
958 4365 1047 4420 hoch
1066 4382 1117 4420 am
1135 4365 1215 4436 Tag.
