<?xml version="1.0" encoding="UTF-8"?>
<!DOCTYPE html PUBLIC "-//W3C//DTD XHTML 1.0 Transitional//EN"
    "http://www.w3.org/TR/xhtml1/DTD/xhtml1-transitional.dtd">
<html xmlns="http://www.w3.org/1999/xhtml" xml:lang="en" lang="en">
 <head>
  <title>
</title>
<meta http-equiv="Content-Type" content="text/html;charset=utf-8" />
  <meta name='ocr-system' content='tesseract 3.04.00' />
  <meta name='ocr-capabilities' content='ocr_page ocr_carea ocr_par ocr_line ocrx_word'/>
</head>
<body>
  <div class='ocr_page' id='page_1' title='image "./qcurtirufihisto02rufugoog_0337.png"; bbox 0 0 2790 4792; ppageno 0'>
   <div class='ocr_carea' id='block_1_1' title="bbox 98 202 814 270">
    <p class='ocr_par' dir='ltr' id='par_1_1' title="bbox 98 202 814 270">
     <span class='ocr_line' id='line_1_1' title="bbox 98 202 814 270; baseline 0 -11"><span class='ocrx_word' id='word_1_1' title='bbox 98 205 143 269; x_wconf 82' lang='lat'>88</span> <span class='ocrx_word' id='word_1_2' title='bbox 545 204 577 270; x_wconf 83' lang='lat' dir='ltr'>Q.</span> <span class='ocrx_word' id='word_1_3' title='bbox 597 202 709 259; x_wconf 79' lang='lat' dir='ltr'>cuu&#39;sl</span> <span class='ocrx_word' id='word_1_4' title='bbox 727 203 814 259; x_wconf 73' lang='lat' dir='ltr'>nuel</span> 
     </span>
    </p>
   </div>
   <div class='ocr_carea' id='block_1_2' title="bbox 100 366 1285 542">
    <p class='ocr_par' dir='ltr' id='par_1_2' title="bbox 100 366 1285 542">
     <span class='ocr_line' id='line_1_2' title="bbox 100 366 1284 452; baseline 0.003 -20"><span class='ocrx_word' id='word_1_5' title='bbox 100 390 139 432; x_wconf 91' lang='lat' dir='ltr'>eo</span> <span class='ocrx_word' id='word_1_6' title='bbox 167 367 427 451; x_wconf 81' lang='lat' dir='ltr'>portenderetur,</span> <span class='ocrx_word' id='word_1_7' title='bbox 458 387 515 430; x_wconf 89' lang='lat' dir='ltr'>cur</span> <span class='ocrx_word' id='word_1_8' title='bbox 546 366 633 449; x_wconf 90' lang='lat' dir='ltr'>apud</span> <span class='ocrx_word' id='word_1_9' title='bbox 664 367 764 431; x_wconf 89' lang='lat' dir='ltr'>aliurn</span> <span class='ocrx_word' id='word_1_10' title='bbox 797 389 895 450; x_wconf 90' lang='lat' dir='ltr'>quam</span> <span class='ocrx_word' id='word_1_11' title='bbox 923 368 1009 451; x_wconf 90' lang='lat' dir='ltr'>apud</span> <span class='ocrx_word' id='word_1_12' title='bbox 1036 390 1088 432; x_wconf 91' lang='lat' dir='ltr'>me</span> <span class='ocrx_word' id='word_1_13' title='bbox 1115 369 1284 452; x_wconf 83' lang='lat' dir='ltr'>professus</span> 
     </span>
     <span class='ocr_line' id='line_1_3' title="bbox 101 455 1285 542; baseline 0.002 -21"><span class='ocrx_word' id='word_1_14' title='bbox 101 457 160 521; x_wconf 85' lang='lat' dir='ltr'>es?</span> <span class='ocrx_word' id='word_1_15' title='bbox 205 455 362 538; x_wconf 85' lang='lat' dir='ltr'><strong>Erigyius</strong></span> <span class='ocrx_word' id='word_1_16' title='bbox 395 475 514 518; x_wconf 90' lang='lat' dir='ltr'>arcana</span> <span class='ocrx_word' id='word_1_17' title='bbox 544 477 619 519; x_wconf 88' lang='lat' dir='ltr'>mea</span> <span class='ocrx_word' id='word_1_18' title='bbox 646 460 679 518; x_wconf 88' lang='lat' dir='ltr'>et</span> <span class='ocrx_word' id='word_1_19' title='bbox 710 461 836 519; x_wconf 88' lang='lat' dir='ltr'>secreta</span> <span class='ocrx_word' id='word_1_20' title='bbox 866 462 901 520; x_wconf 91' lang='lat' dir='ltr'>te</span> <span class='ocrx_word' id='word_1_21' title='bbox 931 457 1087 540; x_wconf 73' lang='lat' dir='ltr'>prodente</span> <span class='ocrx_word' id='word_1_22' title='bbox 1114 459 1285 542; x_wconf 79' lang='lat' dir='ltr'>cognovit:</span> 
     </span>
    </p>
   </div>
   <div class='ocr_carea' id='block_1_3' title="bbox 46 542 1286 736">
    <p class='ocr_par' dir='ltr' id='par_1_3' title="bbox 46 542 1286 736">
     <span class='ocr_line' id='line_1_4' title="bbox 102 542 1285 629; baseline 0.002 -21"><span class='ocrx_word' id='word_1_23' title='bbox 102 567 198 629; x_wconf 91' lang='lat' dir='ltr'>quem</span> <span class='ocrx_word' id='word_1_24' title='bbox 227 550 365 627; x_wconf 89' lang='lat' dir='ltr'>certum,</span> <span class='ocrx_word' id='word_1_25' title='bbox 388 542 585 624; x_wconf 83' lang='lat' dir='ltr'>mehercule,</span> <span class='ocrx_word' id='word_1_26' title='bbox 609 543 715 608; x_wconf 86' lang='lat' dir='ltr'>habeo</span> <span class='ocrx_word' id='word_1_27' title='bbox 743 548 892 609; x_wconf 88' lang='lat' dir='ltr'>extorum</span> <span class='ocrx_word' id='word_1_28' title='bbox 919 547 1099 628; x_wconf 78' lang='lat' dir='ltr'>interprete</span> <span class='ocrx_word' id='word_1_29' title='bbox 1119 547 1170 610; x_wconf 91' lang='lat' dir='ltr'>nti</span> <span class='ocrx_word' id='word_1_30' title='bbox 1193 551 1285 611; x_wconf 91' lang='lat' dir='ltr'>metu</span> 
     </span>
     <span class='ocr_line' id='line_1_5' title="bbox 46 632 1286 736; baseline 0.002 -39"><span class='ocrx_word' id='word_1_31' title='bbox 46 641 82 688; x_wconf 77' lang='lat'>²⁶</span> <span class='ocrx_word' id='word_1_32' title='bbox 103 655 171 698; x_wconf 89' lang='lat' dir='ltr'>suo.</span> <span class='ocrx_word' id='word_1_33' title='bbox 216 632 291 696; x_wconf 76' lang='lat' dir='ltr'>libi</span> <span class='ocrx_word' id='word_1_34' title='bbox 319 636 428 695; x_wconf 88' lang='lat' dir='ltr'>autem</span> <span class='ocrx_word' id='word_1_35' title='bbox 457 632 599 715; x_wconf 86' lang='lat' dir='ltr'>quietius</span> <span class='ocrx_word' id='word_1_36' title='bbox 627 653 726 714; x_wconf 87' lang='lat' dir='ltr'>quam</span> <span class='ocrx_word' id='word_1_37' title='bbox 747 654 812 714; x_wconf 83' lang='lat' dir='ltr'>pur</span> <span class='ocrx_word' id='word_1_38' title='bbox 839 638 890 698; x_wconf 91' lang='lat' dir='ltr'>est</span> <span class='ocrx_word' id='word_1_39' title='bbox 916 632 1088 698; x_wconf 86' lang='lat' dir='ltr'>denuntio:</span> <span class='ocrx_word' id='word_1_40' title='bbox 1113 635 1185 736; x_wconf 40' lang='lat' dir='ltr'>ipsi·</span> <span class='ocrx_word' id='word_1_41' title='bbox 1202 635 1286 699; x_wconf 91' lang='lat' dir='ltr'>mihi</span> 
     </span>
    </p>
   </div>
   <div class='ocr_carea' id='block_1_4' title="bbox 47 718 1333 2310">
    <p class='ocr_par' dir='ltr' id='par_1_4' title="bbox 47 718 1333 2310">
     <span class='ocr_line' id='line_1_6' title="bbox 103 718 1286 805; baseline 0 -19"><span class='ocrx_word' id='word_1_42' title='bbox 103 723 168 786; x_wconf 92' lang='lat' dir='ltr'>iam</span> <span class='ocrx_word' id='word_1_43' title='bbox 198 721 338 800; x_wconf 89' lang='lat' dir='ltr'>indices,</span> <span class='ocrx_word' id='word_1_44' title='bbox 365 718 444 804; x_wconf 91' lang='lat' dir='ltr'>quid</span> <span class='ocrx_word' id='word_1_45' title='bbox 467 720 550 783; x_wconf 87' lang='lat' dir='ltr'>extis</span> <span class='ocrx_word' id='word_1_46' title='bbox 573 721 774 804; x_wconf 80' lang='lat' dir='ltr'>cognoveris,</span> <span class='ocrx_word' id='word_1_47' title='bbox 796 744 838 786; x_wconf 89' lang='lat' dir='ltr'>ne</span> <span class='ocrx_word' id='word_1_48' title='bbox 860 723 968 805; x_wconf 85' lang='lat' dir='ltr'>possis</span> <span class='ocrx_word' id='word_1_49' title='bbox 990 722 1128 786; x_wconf 88' lang='lat' dir='ltr'>infitiari</span> <span class='ocrx_word' id='word_1_50' title='bbox 1152 723 1286 805; x_wconf 82' lang='lat' dir='ltr'>dixisse,</span> 
     </span>
     <span class='ocr_line' id='line_1_7' title="bbox 47 807 1286 894; baseline 0.001 -20"><span class='ocrx_word' id='word_1_51' title='bbox 47 818 83 866; x_wconf 78' lang='grc'>26</span> <span class='ocrx_word' id='word_1_52' title='bbox 103 833 185 894; x_wconf 89' lang='lat' dir='ltr'>quae</span> <span class='ocrx_word' id='word_1_53' title='bbox 217 807 359 873; x_wconf 77' lang='lat' dir='ltr'>dixeris&#39;</span> <span class='ocrx_word' id='word_1_54' title='bbox 413 807 474 872; x_wconf 92' lang='lat' dir='ltr'>Ille</span> <span class='ocrx_word' id='word_1_55' title='bbox 507 810 663 892; x_wconf 81' lang='lat' dir='ltr'>exanguis</span> <span class='ocrx_word' id='word_1_56' title='bbox 695 811 902 894; x_wconf 88' lang='lat' dir='ltr'>attonitoque</span> <span class='ocrx_word' id='word_1_57' title='bbox 933 811 1050 875; x_wconf 87' lang='lat' dir='ltr'>similia</span> <span class='ocrx_word' id='word_1_58' title='bbox 1082 811 1197 875; x_wconf 89' lang='lat' dir='ltr'>stabat</span> <span class='ocrx_word' id='word_1_59' title='bbox 1227 833 1286 894; x_wconf 90' lang='lat' dir='ltr'>per</span> 
     </span>
     <span class='ocr_line' id='line_1_8' title="bbox 102 898 1286 982; baseline 0.002 -20"><span class='ocrx_word' id='word_1_60' title='bbox 102 903 226 963; x_wconf 91' lang='lat' dir='ltr'>metum</span> <span class='ocrx_word' id='word_1_61' title='bbox 254 898 353 961; x_wconf 87' lang='lat' dir='ltr'>etiam</span> <span class='ocrx_word' id='word_1_62' title='bbox 382 918 461 962; x_wconf 85' lang='lat' dir='ltr'>voce</span> <span class='ocrx_word' id='word_1_63' title='bbox 489 919 664 980; x_wconf 86' lang='lat' dir='ltr'>suppressa</span> <span class='ocrx_word' id='word_1_64' title='bbox 692 898 888 982; x_wconf 78' lang='lat' dir='ltr'>tandemque</span> <span class='ocrx_word' id='word_1_65' title='bbox 914 900 1028 964; x_wconf 88' lang='lat' dir='ltr'>eodem</span> <span class='ocrx_word' id='word_1_66' title='bbox 1054 904 1146 963; x_wconf 89' lang='lat' dir='ltr'>metu</span> <span class='ocrx_word' id='word_1_67' title='bbox 1173 901 1286 964; x_wconf 89' lang='lat' dir='ltr'>stimu-</span> 
     </span>
     <span class='ocr_line' id='line_1_9' title="bbox 102 986 1286 1072; baseline 0.001 -21"><span class='ocrx_word' id='word_1_68' title='bbox 102 989 206 1060; x_wconf 81' lang='lat' dir='ltr'>lente,</span> <span class='ocrx_word' id='word_1_69' title='bbox 242 1008 284 1049; x_wconf 89' lang='lat' dir='ltr'>ne</span> <span class='ocrx_word' id='word_1_70' title='bbox 320 986 408 1068; x_wconf 84' lang='lat' dir='ltr'>regis</span> <span class='ocrx_word' id='word_1_71' title='bbox 445 986 702 1068; x_wconf 73' lang='lat' dir='ltr'>expectationem</span> <span class='ocrx_word' id='word_1_72' title='bbox 738 991 935 1069; x_wconf 87' lang='lat' dir='ltr'>moraretur,</span> <span class='ocrx_word' id='word_1_73' title='bbox 971 986 1132 1072; x_wconf 74' lang='lat' dir='ltr'>‘Magni&#39;,</span> <span class='ocrx_word' id='word_1_74' title='bbox 1167 988 1286 1071; x_wconf 87' lang='lat' dir='ltr'>inquit,</span> 
     </span>
     <span class='ocr_line' id='line_1_10' title="bbox 104 1074 1287 1159; baseline 0 -19"><span class='ocrx_word' id='word_1_75' title='bbox 104 1076 250 1156; x_wconf 71' lang='lat' dir='ltr'>laboris,</span> <span class='ocrx_word' id='word_1_76' title='bbox 272 1096 341 1138; x_wconf 92' lang='lat' dir='ltr'>non</span> <span class='ocrx_word' id='word_1_77' title='bbox 362 1074 454 1136; x_wconf 90' lang='lat' dir='ltr'>inriti</span> <span class='ocrx_word' id='word_1_78' title='bbox 477 1074 649 1138; x_wconf 80' lang='lat' dir='ltr'>discrimen</span> <span class='ocrx_word' id='word_1_79' title='bbox 667 1075 791 1139; x_wconf 90' lang='lat' dir='ltr'>instare</span> <span class='ocrx_word' id='word_1_80' title='bbox 808 1077 968 1159; x_wconf 90' lang='lat' dir='ltr'>praedixi:</span> <span class='ocrx_word' id='word_1_81' title='bbox 991 1098 1051 1140; x_wconf 89' lang='lat' dir='ltr'>nec</span> <span class='ocrx_word' id='word_1_82' title='bbox 1068 1098 1121 1139; x_wconf 91' lang='lat' dir='ltr'>me</span> <span class='ocrx_word' id='word_1_83' title='bbox 1140 1099 1194 1140; x_wconf 90' lang='lat' dir='ltr'>ars</span> <span class='ocrx_word' id='word_1_84' title='bbox 1214 1097 1287 1140; x_wconf 90' lang='lat' dir='ltr'>mea</span> 
     </span>
     <span class='ocr_line' id='line_1_11' title="bbox 50 1162 1287 1248; baseline 0.002 -21"><span class='ocrx_word' id='word_1_85' title='bbox 50 1172 85 1220; x_wconf 78' lang='grc'>27</span> <span class='ocrx_word' id='word_1_86' title='bbox 106 1187 204 1248; x_wconf 89' lang='lat' dir='ltr'>quam</span> <span class='ocrx_word' id='word_1_87' title='bbox 240 1162 463 1228; x_wconf 79' lang='lat' dir='ltr'>benivolentia</span> <span class='ocrx_word' id='word_1_88' title='bbox 492 1162 673 1245; x_wconf 80' lang='lat' dir='ltr'>perturbat</span> <span class='ocrx_word' id='word_1_89' title='bbox 727 1163 956 1229; x_wconf 87' lang='lat' dir='ltr'>Infirmitatem</span> <span class='ocrx_word' id='word_1_90' title='bbox 986 1165 1178 1230; x_wconf 79' lang='lat' dir='ltr'>valitudinis</span> <span class='ocrx_word' id='word_1_91' title='bbox 1210 1169 1287 1229; x_wconf 88' lang='lat' dir='ltr'>tuae</span> 
     </span>
     <span class='ocr_line' id='line_1_12' title="bbox 104 1251 1288 1336; baseline -0.001 -18"><span class='ocrx_word' id='word_1_92' title='bbox 104 1253 199 1318; x_wconf 82' lang='lat' dir='ltr'>video</span> <span class='ocrx_word' id='word_1_93' title='bbox 224 1257 271 1334; x_wconf 92' lang='lat' dir='ltr'>et,</span> <span class='ocrx_word' id='word_1_94' title='bbox 298 1255 456 1334; x_wconf 86' lang='lat' dir='ltr'>qnantum</span> <span class='ocrx_word' id='word_1_95' title='bbox 482 1251 518 1314; x_wconf 90' lang='lat' dir='ltr'>in</span> <span class='ocrx_word' id='word_1_96' title='bbox 540 1273 605 1316; x_wconf 90' lang='lat' dir='ltr'>uno</span> <span class='ocrx_word' id='word_1_97' title='bbox 628 1255 663 1315; x_wconf 92' lang='lat' dir='ltr'>te</span> <span class='ocrx_word' id='word_1_98' title='bbox 686 1253 742 1336; x_wconf 87' lang='lat' dir='ltr'>sit,</span> <span class='ocrx_word' id='word_1_99' title='bbox 770 1255 847 1317; x_wconf 86' lang='lat' dir='ltr'>seio.</span> <span class='ocrx_word' id='word_1_100' title='bbox 890 1252 1029 1335; x_wconf 82' lang='lat' dir='ltr'>Vereor,</span> <span class='ocrx_word' id='word_1_101' title='bbox 1055 1275 1097 1317; x_wconf 90' lang='lat' dir='ltr'>ne</span> <span class='ocrx_word' id='word_1_102' title='bbox 1120 1254 1288 1336; x_wconf 81' lang='lat' dir='ltr'>praesenti</span> 
     </span>
     <span class='ocr_line' id='line_1_13' title="bbox 53 1339 1288 1424; baseline 0.001 -19"><span class='ocrx_word' id='word_1_103' title='bbox 53 1347 90 1396; x_wconf 78' lang='lat'>28</span> <span class='ocrx_word' id='word_1_104' title='bbox 107 1342 262 1405; x_wconf 80' lang='lat' dir='ltr'>fortunae</span> <span class='ocrx_word' id='word_1_105' title='bbox 281 1342 385 1419; x_wconf 89' lang='lat' dir='ltr'>[tuae]</span> <span class='ocrx_word' id='word_1_106' title='bbox 404 1339 552 1404; x_wconf 88' lang='lat' dir='ltr'>sufficere</span> <span class='ocrx_word' id='word_1_107' title='bbox 569 1361 637 1405; x_wconf 91' lang='lat' dir='ltr'>non</span> <span class='ocrx_word' id='word_1_108' title='bbox 658 1339 784 1424; x_wconf 76' lang='lat' dir='ltr'>possia&#39;</span> <span class='ocrx_word' id='word_1_109' title='bbox 820 1341 891 1405; x_wconf 83' lang='lat' dir='ltr'>Rex</span> <span class='ocrx_word' id='word_1_110' title='bbox 913 1343 1010 1406; x_wconf 89' lang='lat' dir='ltr'>iussit</span> <span class='ocrx_word' id='word_1_111' title='bbox 1028 1363 1103 1405; x_wconf 91' lang='lat' dir='ltr'>eum</span> <span class='ocrx_word' id='word_1_112' title='bbox 1126 1342 1288 1406; x_wconf 91' lang='lat' dir='ltr'>confidere</span> 
     </span>
     <span class='ocr_line' id='line_1_14' title="bbox 105 1427 1289 1514; baseline 0 -21"><span class='ocrx_word' id='word_1_113' title='bbox 105 1429 259 1493; x_wconf 85' lang='lat' dir='ltr'>felicitati</span> <span class='ocrx_word' id='word_1_114' title='bbox 281 1450 372 1491; x_wconf 87' lang='lat' dir='ltr'>suae:</span> <span class='ocrx_word' id='word_1_115' title='bbox 399 1427 441 1491; x_wconf 90' lang='lat' dir='ltr'>ad</span> <span class='ocrx_word' id='word_1_116' title='bbox 470 1428 534 1492; x_wconf 88' lang='lat' dir='ltr'>alia</span> <span class='ocrx_word' id='word_1_117' title='bbox 556 1429 644 1506; x_wconf 77' lang='lat' dir='ltr'>aliis,</span> <span class='ocrx_word' id='word_1_118' title='bbox 671 1429 734 1493; x_wconf 90' lang='lat' dir='ltr'>sibi</span> <span class='ocrx_word' id='word_1_119' title='bbox 762 1430 803 1493; x_wconf 89' lang='lat' dir='ltr'>ad</span> <span class='ocrx_word' id='word_1_120' title='bbox 830 1430 970 1514; x_wconf 83' lang='lat' dir='ltr'>gloriam</span> <span class='ocrx_word' id='word_1_121' title='bbox 996 1430 1173 1494; x_wconf 86' lang='lat' dir='ltr'>concedere</span> <span class='ocrx_word' id='word_1_122' title='bbox 1201 1431 1289 1495; x_wconf 90' lang='lat' dir='ltr'>deos.</span> 
     </span>
     <span class='ocr_line' id='line_1_15' title="bbox 53 1515 1291 1602; baseline 0 -19"><span class='ocrx_word' id='word_1_123' title='bbox 53 1525 91 1573; x_wconf 78' lang='lat'>²9</span> <span class='ocrx_word' id='word_1_124' title='bbox 110 1517 319 1583; x_wconf 75' lang='lat' dir='ltr'>Consultanti</span> <span class='ocrx_word' id='word_1_125' title='bbox 342 1515 418 1580; x_wconf 90' lang='lat' dir='ltr'>inde</span> <span class='ocrx_word' id='word_1_126' title='bbox 436 1537 509 1580; x_wconf 89' lang='lat' dir='ltr'>eum</span> <span class='ocrx_word' id='word_1_127' title='bbox 528 1517 657 1601; x_wconf 88' lang='lat' dir='ltr'>iisdem,</span> <span class='ocrx_word' id='word_1_128' title='bbox 678 1538 821 1601; x_wconf 89' lang='lat' dir='ltr'>quonam</span> <span class='ocrx_word' id='word_1_129' title='bbox 838 1519 936 1582; x_wconf 93' lang='lat' dir='ltr'>modo</span> <span class='ocrx_word' id='word_1_130' title='bbox 958 1518 1079 1582; x_wconf 90' lang='lat' dir='ltr'>flumen</span> <span class='ocrx_word' id='word_1_131' title='bbox 1101 1520 1291 1602; x_wconf 87' lang='lat' dir='ltr'>transirent,</span> 
     </span>
     <span class='ocr_line' id='line_1_16' title="bbox 109 1605 1291 1688; baseline 0.002 -19"><span class='ocrx_word' id='word_1_132' title='bbox 109 1606 298 1688; x_wconf 87' lang='lat' dir='ltr'>supervenit</span> <span class='ocrx_word' id='word_1_133' title='bbox 325 1605 533 1687; x_wconf 87' lang='lat' dir='ltr'>Aristander,</span> <span class='ocrx_word' id='word_1_134' title='bbox 559 1627 627 1671; x_wconf 91' lang='lat' dir='ltr'>non</span> <span class='ocrx_word' id='word_1_135' title='bbox 653 1606 737 1670; x_wconf 87' lang='lat' dir='ltr'>alias</span> <span class='ocrx_word' id='word_1_136' title='bbox 764 1607 903 1671; x_wconf 90' lang='lat' dir='ltr'>laetiora</span> <span class='ocrx_word' id='word_1_137' title='bbox 930 1611 1005 1670; x_wconf 83' lang='lat' dir='ltr'>exta</span> <span class='ocrx_word' id='word_1_138' title='bbox 1031 1607 1152 1671; x_wconf 79' lang='lat' dir='ltr'>vidisse</span> <span class='ocrx_word' id='word_1_139' title='bbox 1176 1628 1211 1671; x_wconf 91' lang='lat' dir='ltr'>se</span> <span class='ocrx_word' id='word_1_140' title='bbox 1235 1608 1291 1670; x_wconf 91' lang='lat' dir='ltr'>ad·</span> 
     </span>
     <span class='ocr_line' id='line_1_17' title="bbox 107 1693 1291 1777; baseline 0.003 -19"><span class='ocrx_word' id='word_1_141' title='bbox 107 1696 253 1776; x_wconf 85' lang='lat' dir='ltr'>firmans,</span> <span class='ocrx_word' id='word_1_142' title='bbox 271 1695 383 1776; x_wconf 88' lang='lat' dir='ltr'>utique</span> <span class='ocrx_word' id='word_1_143' title='bbox 396 1693 560 1777; x_wconf 89' lang='lat' dir='ltr'>prioribus</span> <span class='ocrx_word' id='word_1_144' title='bbox 573 1694 672 1777; x_wconf 85' lang='lat' dir='ltr'>longe</span> <span class='ocrx_word' id='word_1_145' title='bbox 686 1695 828 1760; x_wconf 79' lang='lat' dir='ltr'>diversa:</span> <span class='ocrx_word' id='word_1_146' title='bbox 846 1699 918 1759; x_wconf 88' lang='lat' dir='ltr'>turn</span> <span class='ocrx_word' id='word_1_147' title='bbox 931 1695 1159 1759; x_wconf 87' lang='lat' dir='ltr'>sollicitudinis</span> <span class='ocrx_word' id='word_1_148' title='bbox 1174 1718 1291 1761; x_wconf 87' lang='lat' dir='ltr'>causas</span> 
     </span>
     <span class='ocr_line' id='line_1_18' title="bbox 110 1783 988 1867; baseline 0 -19"><span class='ocrx_word' id='word_1_149' title='bbox 110 1783 311 1866; x_wconf 89' lang='lat' dir='ltr'>adparuisse,</span> <span class='ocrx_word' id='word_1_150' title='bbox 332 1804 419 1846; x_wconf 91' lang='lat' dir='ltr'>nunc</span> <span class='ocrx_word' id='word_1_151' title='bbox 439 1804 574 1865; x_wconf 87' lang='lat' dir='ltr'>prorsus</span> <span class='ocrx_word' id='word_1_152' title='bbox 597 1783 728 1867; x_wconf 80' lang='lat' dir='ltr'>egregie</span> <span class='ocrx_word' id='word_1_153' title='bbox 750 1784 884 1848; x_wconf 90' lang='lat' dir='ltr'>litatum</span> <span class='ocrx_word' id='word_1_154' title='bbox 907 1805 988 1848; x_wconf 90' lang='lat' dir='ltr'>esse.</span> 
     </span>
     <span class='ocr_line' id='line_1_19' title="bbox 56 1870 1333 1956; baseline -0.002 -20"><span class='ocrx_word' id='word_1_155' title='bbox 56 1880 92 1928; x_wconf 78' lang='lat'>3⁰</span> <span class='ocrx_word' id='word_1_156' title='bbox 201 1870 364 1954; x_wconf 82' lang='lat' dir='ltr'>Ceterum,</span> <span class='ocrx_word' id='word_1_157' title='bbox 387 1892 468 1953; x_wconf 88' lang='lat' dir='ltr'>quae</span> <span class='ocrx_word' id='word_1_158' title='bbox 492 1870 630 1935; x_wconf 88' lang='lat' dir='ltr'>subinde</span> <span class='ocrx_word' id='word_1_159' title='bbox 652 1872 805 1936; x_wconf 90' lang='lat' dir='ltr'>nuntiata</span> <span class='ocrx_word' id='word_1_160' title='bbox 828 1876 905 1936; x_wconf 91' lang='lat' dir='ltr'>sunt</span> <span class='ocrx_word' id='word_1_161' title='bbox 920 1873 1002 1956; x_wconf 82' lang='lat' dir='ltr'>regi,</span> <span class='ocrx_word' id='word_1_162' title='bbox 1024 1873 1201 1936; x_wconf 88' lang='lat' dir='ltr'>continuae</span> <span class='ocrx_word' id='word_1_163' title='bbox 1217 1871 1333 1937; x_wconf 75' lang='lat' dir='ltr'>feli-32</span> 
     </span>
     <span class='ocr_line' id='line_1_20' title="bbox 55 1959 1292 2045; baseline 0.002 -21"><span class='ocrx_word' id='word_1_164' title='bbox 55 1969 91 2016; x_wconf 79' lang='lat'>31</span> <span class='ocrx_word' id='word_1_165' title='bbox 112 1961 205 2024; x_wconf 88' lang='lat' dir='ltr'>citati</span> <span class='ocrx_word' id='word_1_166' title='bbox 231 1982 340 2023; x_wconf 90' lang='lat' dir='ltr'>rerum</span> <span class='ocrx_word' id='word_1_167' title='bbox 369 1960 437 2023; x_wconf 91' lang='lat' dir='ltr'>eius</span> <span class='ocrx_word' id='word_1_168' title='bbox 464 1959 678 2042; x_wconf 86' lang='lat' dir='ltr'>inposuerant</span> <span class='ocrx_word' id='word_1_169' title='bbox 699 1960 817 2024; x_wconf 88' lang='lat' dir='ltr'>labem.</span> <span class='ocrx_word' id='word_1_170' title='bbox 862 1959 1102 2044; x_wconf 81' lang='lat' dir='ltr'>Menedemum,</span> <span class='ocrx_word' id='word_1_171' title='bbox 1128 1966 1292 2045; x_wconf 88' lang='lat' dir='ltr'>utsupra</span> 
     </span>
     <span class='ocr_line' id='line_1_21' title="bbox 112 2046 1291 2133; baseline 0.003 -21"><span class='ocrx_word' id='word_1_172' title='bbox 112 2049 236 2112; x_wconf 90' lang='lat' dir='ltr'>dictum</span> <span class='ocrx_word' id='word_1_173' title='bbox 268 2052 333 2131; x_wconf 87' lang='lat' dir='ltr'>est,</span> <span class='ocrx_word' id='word_1_174' title='bbox 364 2046 499 2110; x_wconf 86' lang='lat' dir='ltr'>miserat</span> <span class='ocrx_word' id='word_1_175' title='bbox 529 2047 570 2111; x_wconf 90' lang='lat' dir='ltr'>ad</span> <span class='ocrx_word' id='word_1_176' title='bbox 602 2048 816 2114; x_wconf 90' lang='lat' dir='ltr'>obsidendum</span> <span class='ocrx_word' id='word_1_177' title='bbox 844 2047 1066 2133; x_wconf 85' lang='lat' dir='ltr'>Spitamenen,</span> <span class='ocrx_word' id='word_1_178' title='bbox 1096 2048 1291 2115; x_wconf 84' lang='lat' dir='ltr'>Bactrianae</span> 
     </span>
     <span class='ocr_line' id='line_1_22' title="bbox 110 2135 1292 2221; baseline 0.002 -20"><span class='ocrx_word' id='word_1_179' title='bbox 110 2137 303 2202; x_wconf 88' lang='lat' dir='ltr'>defectionis</span> <span class='ocrx_word' id='word_1_180' title='bbox 326 2139 501 2200; x_wconf 88' lang='lat' dir='ltr'>auctorem.</span> <span class='ocrx_word' id='word_1_181' title='bbox 547 2135 610 2211; x_wconf 88' lang='lat' dir='ltr'>Qui</span> <span class='ocrx_word' id='word_1_182' title='bbox 632 2142 789 2221; x_wconf 89' lang='lat' dir='ltr'>conperto</span> <span class='ocrx_word' id='word_1_183' title='bbox 810 2137 917 2202; x_wconf 89' lang='lat' dir='ltr'>hostis</span> <span class='ocrx_word' id='word_1_184' title='bbox 939 2138 1097 2221; x_wconf 83' lang='lat' dir='ltr'>adventu,</span> <span class='ocrx_word' id='word_1_185' title='bbox 1122 2160 1165 2202; x_wconf 90' lang='lat' dir='ltr'>ne</span> <span class='ocrx_word' id='word_1_186' title='bbox 1188 2141 1292 2203; x_wconf 89' lang='lat' dir='ltr'>muris</span> 
     </span>
     <span class='ocr_line' id='line_1_23' title="bbox 108 2224 1292 2310; baseline -0.001 -19"><span class='ocrx_word' id='word_1_187' title='bbox 108 2226 199 2291; x_wconf 87' lang='lat' dir='ltr'>urbis</span> <span class='ocrx_word' id='word_1_188' title='bbox 226 2224 458 2308; x_wconf 90' lang='lat' dir='ltr'>includeretur,</span> <span class='ocrx_word' id='word_1_189' title='bbox 490 2225 588 2289; x_wconf 86' lang='lat' dir='ltr'>simul</span> <span class='ocrx_word' id='word_1_190' title='bbox 615 2225 720 2290; x_wconf 83' lang='lat' dir='ltr'>fretus</span> <span class='ocrx_word' id='word_1_191' title='bbox 748 2227 854 2309; x_wconf 81' lang='lat' dir='ltr'>excipi</span> <span class='ocrx_word' id='word_1_192' title='bbox 881 2248 992 2310; x_wconf 88' lang='lat' dir='ltr'>posse,</span> <span class='ocrx_word' id='word_1_193' title='bbox 1024 2248 1089 2309; x_wconf 91' lang='lat' dir='ltr'>qua</span> <span class='ocrx_word' id='word_1_194' title='bbox 1116 2231 1292 2292; x_wconf 81' lang='lat' dir='ltr'>venturum</span> 
     </span>
    </p>
   </div>
   <div class='ocr_carea' id='block_1_5' title="bbox 108 2451 1292 4437">
    <p class='ocr_par' dir='ltr' id='par_1_5' title="bbox 108 2451 1292 4437">
     <span class='ocr_line' id='line_1_24' title="bbox 110 2451 1291 2523; baseline 0.002 -18"><span class='ocrx_word' id='word_1_195' title='bbox 110 2451 334 2520; x_wconf 81' lang='lat' dir='ltr'>Privatperson&#39;‚</span> <span class='ocrx_word' id='word_1_196' title='bbox 357 2453 417 2508; x_wconf 86' lang='lat' dir='ltr'>also</span> <span class='ocrx_word' id='word_1_197' title='bbox 440 2453 493 2505; x_wconf 91' lang='lat' dir='ltr'>mit</span> <span class='ocrx_word' id='word_1_198' title='bbox 515 2454 580 2507; x_wconf 90' lang='lat' dir='ltr'>dem</span> <span class='ocrx_word' id='word_1_199' title='bbox 602 2469 674 2522; x_wconf 80' lang='lat' dir='ltr'>ganz</span> <span class='ocrx_word' id='word_1_200' title='bbox 728 2452 822 2507; x_wconf 82' lang='lat' dir='ltr'>schalt</span> <span class='ocrx_word' id='word_1_201' title='bbox 839 2453 894 2506; x_wconf 91' lang='lat' dir='ltr'>mir</span> <span class='ocrx_word' id='word_1_202' title='bbox 912 2470 948 2507; x_wconf 85' lang='lat' dir='ltr'>an</span> <span class='ocrx_word' id='word_1_203' title='bbox 963 2452 1009 2507; x_wconf 93' lang='lat' dir='ltr'>die</span> <span class='ocrx_word' id='word_1_204' title='bbox 1022 2452 1106 2507; x_wconf 89' lang='lat' dir='ltr'>Hand</span> <span class='ocrx_word' id='word_1_205' title='bbox 1118 2453 1206 2523; x_wconf 82' lang='lat' dir='ltr'>giebt.</span> <span class='ocrx_word' id='word_1_206' title='bbox 1240 2451 1291 2508; x_wconf 89' lang='lat' dir='ltr'>Die</span> 
     </span>
     <span class='ocr_line' id='line_1_25' title="bbox 112 2523 1290 2594; baseline 0.003 -18"><span class='ocrx_word' id='word_1_207' title='bbox 112 2523 269 2577; x_wconf 82' lang='lat' dir='ltr'>besondem</span> <span class='ocrx_word' id='word_1_208' title='bbox 282 2523 430 2592; x_wconf 85' lang='lat' dir='ltr'>Anspruch</span> <span class='ocrx_word' id='word_1_209' title='bbox 445 2523 496 2576; x_wconf 84' lang='lat' dir='ltr'>aul</span> <span class='ocrx_word' id='word_1_210' title='bbox 507 2523 674 2578; x_wconf 85' lang='lat' dir='ltr'>Discrction.</span> <span class='ocrx_word' id='word_1_211' title='bbox 728 2524 918 2594; x_wconf 79' lang='lat' dir='ltr'>Weglasaung</span> <span class='ocrx_word' id='word_1_212' title='bbox 931 2539 987 2578; x_wconf 82' lang='lat' dir='ltr'>von</span> <span class='ocrx_word' id='word_1_213' title='bbox 999 2530 1057 2578; x_wconf 81' lang='lat' dir='ltr'>tum</span> <span class='ocrx_word' id='word_1_214' title='bbox 1069 2540 1122 2578; x_wconf 82' lang='lat' dir='ltr'>ror</span> <span class='ocrx_word' id='word_1_215' title='bbox 1133 2542 1227 2593; x_wconf 82' lang='lat' dir='ltr'>quem,</span> <span class='ocrx_word' id='word_1_216' title='bbox 1246 2525 1290 2579; x_wconf 90' lang='lat' dir='ltr'>die</span> 
     </span>
     <span class='ocr_line' id='line_1_26' title="bbox 147 2593 1291 2663; baseline 0.002 -16"><span class='ocrx_word' id='word_1_217' title='bbox 147 2593 674 2663; x_wconf 76' lang='lat' dir='ltr'>24.qaemc.nr.hal›eof.quumqnusn</span> <span class='ocrx_word' id='word_1_218' title='bbox 728 2594 789 2649; x_wconf 86' lang='lat' dir='ltr'>sich</span> <span class='ocrx_word' id='word_1_219' title='bbox 811 2595 873 2649; x_wconf 89' lang='lat' dir='ltr'>hier</span> <span class='ocrx_word' id='word_1_220' title='bbox 895 2594 953 2648; x_wconf 88' lang='lat' dir='ltr'>und</span> <span class='ocrx_word' id='word_1_221' title='bbox 975 2596 1012 2649; x_wconf 86' lang='lat' dir='ltr'>da</span> <span class='ocrx_word' id='word_1_222' title='bbox 1034 2594 1081 2648; x_wconf 89' lang='lat' dir='ltr'>bei</span> <span class='ocrx_word' id='word_1_223' title='bbox 1104 2594 1213 2649; x_wconf 87' lang='lat' dir='ltr'>Sallust</span> <span class='ocrx_word' id='word_1_224' title='bbox 1235 2595 1291 2649; x_wconf 89' lang='lat' dir='ltr'>und</span> 
     </span>
     <span class='ocr_line' id='line_1_27' title="bbox 110 2664 1291 2730; baseline -0.001 -10"><span class='ocrx_word' id='word_1_225' title='bbox 110 2683 171 2720; x_wconf 77' lang='lat' dir='ltr'>eum</span> <span class='ocrx_word' id='word_1_226' title='bbox 190 2683 211 2721; x_wconf 90' lang='lat' dir='ltr'>c.</span> <span class='ocrx_word' id='word_1_227' title='bbox 226 2683 261 2719; x_wconf 88' lang='lat' dir='ltr'>m.</span> <span class='ocrx_word' id='word_1_228' title='bbox 275 2667 367 2722; x_wconf 81' lang='lat' dir='ltr'>haheo.</span> <span class='ocrx_word' id='word_1_229' title='bbox 400 2665 560 2719; x_wconf 83' lang='lat' dir='ltr'>Alexander</span> <span class='ocrx_word' id='word_1_230' title='bbox 573 2667 676 2720; x_wconf 88' lang='lat' dir='ltr'>nimmt</span> <span class='ocrx_word' id='word_1_231' title='bbox 728 2664 825 2719; x_wconf 81' lang='lat' dir='ltr'>Livius</span> <span class='ocrx_word' id='word_1_232' title='bbox 838 2665 926 2719; x_wconf 88' lang='lat' dir='ltr'>findet</span> <span class='ocrx_word' id='word_1_233' title='bbox 938 2665 1000 2730; x_wconf 27' lang='lat' dir='ltr'>und-</span> <span class='ocrx_word' id='word_1_234' title='bbox 1010 2665 1086 2719; x_wconf 82' lang='lat' dir='ltr'>wohl</span> <span class='ocrx_word' id='word_1_235' title='bbox 1099 2683 1151 2720; x_wconf 89' lang='lat' dir='ltr'>ans</span> <span class='ocrx_word' id='word_1_236' title='bbox 1164 2665 1291 2721; x_wconf 89' lang='lat' dir='ltr'>derVer·</span> 
     </span>
     <span class='ocr_line' id='line_1_28' title="bbox 112 2735 1291 2806; baseline 0 -15"><span class='ocrx_word' id='word_1_237' title='bbox 112 2754 162 2803; x_wconf 89' lang='lat' dir='ltr'>an,</span> <span class='ocrx_word' id='word_1_238' title='bbox 186 2737 250 2791; x_wconf 81' lang='lat' dir='ltr'>dass</span> <span class='ocrx_word' id='word_1_239' title='bbox 272 2736 402 2805; x_wconf 79' lang='lat' dir='ltr'>Erigyius</span> <span class='ocrx_word' id='word_1_240' title='bbox 424 2736 470 2790; x_wconf 91' lang='lat' dir='ltr'>die</span> <span class='ocrx_word' id='word_1_241' title='bbox 487 2735 676 2805; x_wconf 81' lang='lat' dir='ltr'>Ausdeutung</span> <span class='ocrx_word' id='word_1_242' title='bbox 728 2736 876 2806; x_wconf 82' lang='lat' dir='ltr'>mischung</span> <span class='ocrx_word' id='word_1_243' title='bbox 901 2736 950 2790; x_wconf 89' lang='lat' dir='ltr'>der</span> <span class='ocrx_word' id='word_1_244' title='bbox 974 2735 1213 2792; x_wconf 83' lang='lat' dir='ltr'>Construktionen</span> <span class='ocrx_word' id='word_1_245' title='bbox 1235 2753 1291 2791; x_wconf 87' lang='lat' dir='ltr'>non</span> 
     </span>
     <span class='ocr_line' id='line_1_29' title="bbox 110 2807 1291 2876; baseline 0.001 -15"><span class='ocrx_word' id='word_1_246' title='bbox 110 2810 258 2875; x_wconf 70' lang='lat' dir='ltr'>interprete</span> <span class='ocrx_word' id='word_1_247' title='bbox 275 2813 347 2860; x_wconf 81' lang='lat' dir='ltr'>metu</span> <span class='ocrx_word' id='word_1_248' title='bbox 366 2807 427 2860; x_wconf 86' lang='lat' dir='ltr'>sich</span> <span class='ocrx_word' id='word_1_249' title='bbox 446 2807 535 2860; x_wconf 84' lang='lat' dir='ltr'>selhst</span> <span class='ocrx_word' id='word_1_250' title='bbox 549 2807 676 2876; x_wconf 81' lang='lat' dir='ltr'>gebildet</span> <span class='ocrx_word' id='word_1_251' title='bbox 728 2813 785 2861; x_wconf 76' lang='lat' dir='ltr'>tons</span> <span class='ocrx_word' id='word_1_252' title='bbox 809 2850 816 2861; x_wconf 89' lang='lat'><strong>.</strong></span> <span class='ocrx_word' id='word_1_253' title='bbox 836 2849 842 2861; x_wconf 85' lang='lat'><em>.</em></span> <span class='ocrx_word' id='word_1_254' title='bbox 866 2825 948 2876; x_wconf 57' lang='lat' dir='ltr'>worn</span> <span class='ocrx_word' id='word_1_255' title='bbox 971 2807 1030 2860; x_wconf 87' lang='lat' dir='ltr'>und</span> <span class='ocrx_word' id='word_1_256' title='bbox 1055 2823 1113 2861; x_wconf 86' lang='lat' dir='ltr'>non</span> <span class='ocrx_word' id='word_1_257' title='bbox 1135 2850 1143 2863; x_wconf 90' lang='lat'><strong>.</strong></span> <span class='ocrx_word' id='word_1_258' title='bbox 1163 2851 1169 2862; x_wconf 89' lang='lat'><strong>.</strong></span> <span class='ocrx_word' id='word_1_259' title='bbox 1193 2809 1242 2862; x_wconf 81' lang='lat' dir='ltr'>sed</span> <span class='ocrx_word' id='word_1_260' title='bbox 1260 2826 1291 2861; x_wconf 86' lang='lat' dir='ltr'>ru</span> 
     </span>
     <span class='ocr_line' id='line_1_30' title="bbox 111 2877 1290 2946; baseline 0 -15"><span class='ocrx_word' id='word_1_261' title='bbox 111 2878 194 2931; x_wconf 85' lang='lat' dir='ltr'>habe.</span> <span class='ocrx_word' id='word_1_262' title='bbox 216 2877 281 2944; x_wconf 81' lang='lat' dir='ltr'>Vgl</span> <span class='ocrx_word' id='word_1_263' title='bbox 291 2877 352 2930; x_wconf 80' lang='lat' dir='ltr'>Lir.</span> <span class='ocrx_word' id='word_1_264' title='bbox 361 2883 405 2931; x_wconf 78' lang='lat'>27.</span> <span class='ocrx_word' id='word_1_265' title='bbox 414 2883 456 2930; x_wconf 73' lang='lat'>44.</span> <span class='ocrx_word' id='word_1_266' title='bbox 470 2883 503 2931; x_wconf 88' lang='lat'>10</span> <span class='ocrx_word' id='word_1_267' title='bbox 511 2884 583 2932; x_wconf 70' lang='lat' dir='ltr'>nnete</span> <span class='ocrx_word' id='word_1_268' title='bbox 592 2879 676 2932; x_wconf 81' lang='lat' dir='ltr'>inter·</span> <span class='ocrx_word' id='word_1_269' title='bbox 730 2878 859 2932; x_wconf 69' lang='lat' dir='ltr'>erklaren</span> <span class='ocrx_word' id='word_1_270' title='bbox 872 2880 919 2944; x_wconf 85' lang='lat' dir='ltr'>iet,</span> <span class='ocrx_word' id='word_1_271' title='bbox 932 2879 985 2932; x_wconf 91' lang='lat' dir='ltr'>hat</span> <span class='ocrx_word' id='word_1_272' title='bbox 994 2877 1023 2932; x_wconf 84' lang='lat' dir='ltr'>C.</span> <span class='ocrx_word' id='word_1_273' title='bbox 1037 2894 1091 2931; x_wconf 87' lang='lat' dir='ltr'>nur</span> <span class='ocrx_word' id='word_1_274' title='bbox 1103 2877 1178 2946; x_wconf 86' lang='lat' dir='ltr'>hier;</span> <span class='ocrx_word' id='word_1_275' title='bbox 1194 2878 1290 2933; x_wconf 88' lang='lat' dir='ltr'>ander-</span> 
     </span>
     <span class='ocr_line' id='line_1_31' title="bbox 108 2948 1292 3019; baseline 0.002 -19"><span class='ocrx_word' id='word_1_276' title='bbox 108 2954 187 3017; x_wconf 86' lang='lat' dir='ltr'>prete</span> <span class='ocrx_word' id='word_1_277' title='bbox 209 2964 311 3015; x_wconf 83' lang='lat' dir='ltr'>semper</span> <span class='ocrx_word' id='word_1_278' title='bbox 333 2949 366 3000; x_wconf 77' lang='lat' dir='ltr'>in</span> <span class='ocrx_word' id='word_1_279' title='bbox 388 2949 523 3002; x_wconf 69' lang='lat' dir='ltr'>ddeiora</span> <span class='ocrx_word' id='word_1_280' title='bbox 541 2949 676 3003; x_wconf 78' lang='lat' dir='ltr'>inclinato</span> <span class='ocrx_word' id='word_1_281' title='bbox 729 2951 814 3003; x_wconf 72' lang='lat' dir='ltr'>nans</span> <span class='ocrx_word' id='word_1_282' title='bbox 839 2949 917 3003; x_wconf 86' lang='lat' dir='ltr'>steht</span> <span class='ocrx_word' id='word_1_283' title='bbox 944 2948 1115 3019; x_wconf 81' lang='lat' dir='ltr'>wenigstene</span> <span class='ocrx_word' id='word_1_284' title='bbox 1142 2949 1194 3003; x_wconf 88' lang='lat' dir='ltr'>der</span> <span class='ocrx_word' id='word_1_285' title='bbox 1221 2949 1292 3004; x_wconf 84' lang='lat' dir='ltr'>Text</span> 
     </span>
     <span class='ocr_line' id='line_1_32' title="bbox 112 3014 894 3092; baseline 0.004 -20"><span class='ocrx_word' id='word_1_286' title='bbox 112 3019 171 3072; x_wconf 90' lang='lat' dir='ltr'>und</span> <span class='ocrx_word' id='word_1_287' title='bbox 199 3017 385 3072; x_wconf 81' lang='lat' dir='ltr'>Onosander&#39;s</span> <span class='ocrx_word' id='word_1_288' title='bbox 411 3019 509 3072; x_wconf 86' lang='lat' dir='ltr'>Wort:</span> <span class='ocrx_word' id='word_1_289' title='bbox 541 3014 557 3072; x_wconf 87' lang='grc' dir='ltr'>ὁ</span> <span class='ocrx_word' id='word_1_290' title='bbox 585 3015 676 3092; x_wconf 79' lang='grc' dir='ltr'><strong><em>φόβος</em></strong></span> <span class='ocrx_word' id='word_1_291' title='bbox 732 3019 813 3074; x_wconf 92' lang='lat' dir='ltr'>nicht</span> <span class='ocrx_word' id='word_1_292' title='bbox 830 3019 894 3075; x_wconf 79' lang='lat' dir='ltr'>fest</span> 
     </span>
     <span class='ocr_line' id='line_1_33' title="bbox 113 3084 1289 3158; baseline -0.001 -15"><span class='ocrx_word' id='word_1_293' title='bbox 113 3085 225 3158; x_wconf 70' lang='grc' dir='ltr'><strong><em>ψευδὴς</em></strong></span> <span class='ocrx_word' id='word_1_294' title='bbox 247 3086 348 3158; x_wconf 71' lang='grc' dir='ltr'><strong><em>μάντις</em></strong></span> <span class='ocrx_word' id='word_1_295' title='bbox 371 3084 455 3142; x_wconf 71' lang='grc' dir='ltr'><strong><em>ἐστίν.</em></strong></span> <span class='ocrx_word' id='word_1_296' title='bbox 496 3088 568 3143; x_wconf 91' lang='lat' dir='ltr'>Dem</span> <span class='ocrx_word' id='word_1_297' title='bbox 591 3088 675 3145; x_wconf 87' lang='lat' dir='ltr'>Sinne</span> <span class='ocrx_word' id='word_1_298' title='bbox 766 3097 808 3144; x_wconf 75' lang='lat'>2⁷.</span> <span class='ocrx_word' id='word_1_299' title='bbox 832 3092 1011 3158; x_wconf 76' lang='lat' dir='ltr'>praesenti</span> <span class='ocrx_word' id='word_1_300' title='bbox 1027 3092 1203 3158; x_wconf 69' lang='lat' dir='ltr'>fortunae,</span> <span class='ocrx_word' id='word_1_301' title='bbox 1227 3091 1254 3147; x_wconf 89' lang='lat' dir='ltr'>d.</span> <span class='ocrx_word' id='word_1_302' title='bbox 1272 3091 1289 3143; x_wconf 93' lang='lat' dir='ltr'>i.</span> 
     </span>
     <span class='ocr_line' id='line_1_34' title="bbox 112 3160 1250 3243; baseline 0.002 -29"><span class='ocrx_word' id='word_1_303' title='bbox 112 3160 187 3214; x_wconf 87' lang='lat' dir='ltr'>nach</span> <span class='ocrx_word' id='word_1_304' title='bbox 209 3161 248 3214; x_wconf 91' lang='lat' dir='ltr'>ist</span> <span class='ocrx_word' id='word_1_305' title='bbox 270 3160 675 3216; x_wconf 73' lang='lat' dir='ltr'>auehrerwandtl.10.10.</span> <span class='ocrx_word' id='word_1_306' title='bbox 728 3178 817 3230; x_wconf 77' lang='lat' dir='ltr'>praes.</span> <span class='ocrx_word' id='word_1_307' title='bbox 836 3163 999 3216; x_wconf 63' lang='lat' dir='ltr'>discrimini</span> <span class='ocrx_word' id='word_1_308' title='bbox 1031 3161 1187 3243; x_wconf 65' lang='lat' dir='ltr'>Vglm.</span> <span class='ocrx_word' id='word_1_309' title='bbox 1208 3167 1250 3217; x_wconf 90' lang='lat'>11.</span> 
     </span>
     <span class='ocr_line' id='line_1_35' title="bbox 149 3232 1289 3302; baseline 0.001 -17"><span class='ocrx_word' id='word_1_310' title='bbox 149 3239 192 3286; x_wconf 80' lang='lat'>25.</span> <span class='ocrx_word' id='word_1_311' title='bbox 211 3232 515 3300; x_wconf 69' lang='lat' dir='ltr'>quietiae=leniea</span> <span class='ocrx_word' id='word_1_312' title='bbox 524 3233 674 3300; x_wconf 75' lang='lat' dir='ltr'>placidius.</span> <span class='ocrx_word' id='word_1_313' title='bbox 766 3238 810 3286; x_wconf 82' lang='lat'>28.</span> <span class='ocrx_word' id='word_1_314' title='bbox 829 3234 1019 3297; x_wconf 78' lang='lat' dir='ltr'>concedere,</span> <span class='ocrx_word' id='word_1_315' title='bbox 1039 3232 1111 3286; x_wconf 79' lang='lat' dir='ltr'>‘neh</span> <span class='ocrx_word' id='word_1_316' title='bbox 1129 3232 1289 3302; x_wconf 73' lang='lat' dir='ltr'>willfthrig,</span> 
     </span>
     <span class='ocr_line' id='line_1_36' title="bbox 114 3298 1289 3372; baseline -0.002 -14"><span class='ocrx_word' id='word_1_317' title='bbox 114 3303 152 3358; x_wconf 80' lang='lat' dir='ltr'>So</span> <span class='ocrx_word' id='word_1_318' title='bbox 170 3303 218 3358; x_wconf 88' lang='lat' dir='ltr'>bei</span> <span class='ocrx_word' id='word_1_319' title='bbox 236 3302 347 3358; x_wconf 84' lang='lat' dir='ltr'>Cicero:</span> <span class='ocrx_word' id='word_1_320' title='bbox 366 3308 430 3371; x_wconf 86' lang='lat' dir='ltr'>apte</span> <span class='ocrx_word' id='word_1_321' title='bbox 447 3309 473 3357; x_wconf 90' lang='lat' dir='ltr'>et</span> <span class='ocrx_word' id='word_1_322' title='bbox 490 3305 578 3371; x_wconf 77' lang='lat' dir='ltr'>quiete</span> <span class='ocrx_word' id='word_1_323' title='bbox 594 3305 675 3371; x_wconf 74' lang='lat' dir='ltr'>ferre,</span> <span class='ocrx_word' id='word_1_324' title='bbox 729 3303 846 3372; x_wconf 78' lang='lat' dir='ltr'>geneigt</span> <span class='ocrx_word' id='word_1_325' title='bbox 867 3303 1017 3358; x_wconf 69' lang='lat' dir='ltr'>erweiaen’</span> <span class='ocrx_word' id='word_1_326' title='bbox 1044 3298 1186 3371; x_wconf 73' lang='grc' dir='ltr'><strong>(ὖκείκειν</strong></span> <span class='ocrx_word' id='word_1_327' title='bbox 1209 3305 1289 3371; x_wconf 67' lang='grc' dir='ltr'><strong>τινος</strong></span> 
     </span>
     <span class='ocr_line' id='line_1_37' title="bbox 113 3373 1290 3444; baseline -0.002 -16"><span class='ocrx_word' id='word_1_328' title='bbox 113 3376 201 3444; x_wconf 72' lang='lat' dir='ltr'>quiete</span> <span class='ocrx_word' id='word_1_329' title='bbox 218 3375 343 3443; x_wconf 80' lang='lat' dir='ltr'>colloqui.</span> <span class='ocrx_word' id='word_1_330' title='bbox 379 3374 456 3428; x_wconf 89' lang='lat' dir='ltr'>Aber</span> <span class='ocrx_word' id='word_1_331' title='bbox 473 3375 546 3429; x_wconf 87' lang='lat' dir='ltr'>ohne</span> <span class='ocrx_word' id='word_1_332' title='bbox 562 3374 676 3428; x_wconf 78' lang='lat' dir='ltr'>Zweilel</span> <span class='ocrx_word' id='word_1_333' title='bbox 728 3373 816 3443; x_wconf 82' lang='lat' dir='ltr'>vergl.</span> <span class='ocrx_word' id='word_1_334' title='bbox 836 3373 893 3428; x_wconf 75' lang='lat' dir='ltr'>(tic.</span> <span class='ocrx_word' id='word_1_335' title='bbox 911 3391 940 3442; x_wconf 90' lang='lat' dir='ltr'>p.</span> <span class='ocrx_word' id='word_1_336' title='bbox 958 3374 1043 3428; x_wconf 77' lang='lat' dir='ltr'>liare</span> <span class='ocrx_word' id='word_1_337' title='bbox 1059 3379 1074 3427; x_wconf 77' lang='lat'><strong>7</strong></span> <span class='ocrx_word' id='word_1_338' title='bbox 1088 3373 1224 3429; x_wconf 81' lang='lat' dir='ltr'>Fortuna</span> <span class='ocrx_word' id='word_1_339' title='bbox 1241 3375 1290 3429; x_wconf 78' lang='lat' dir='ltr'>tibi</span> 
     </span>
     <span class='ocr_line' id='line_1_38' title="bbox 113 3443 808 3514; baseline -0.003 -16"><span class='ocrx_word' id='word_1_340' title='bbox 113 3446 152 3498; x_wconf 89' lang='lat' dir='ltr'>ist</span> <span class='ocrx_word' id='word_1_341' title='bbox 174 3445 220 3498; x_wconf 92' lang='lat' dir='ltr'>die</span> <span class='ocrx_word' id='word_1_342' title='bbox 244 3445 332 3499; x_wconf 86' lang='lat' dir='ltr'>Stelle</span> <span class='ocrx_word' id='word_1_343' title='bbox 355 3444 489 3499; x_wconf 82' lang='lat' dir='ltr'>verderbt</span> <span class='ocrx_word' id='word_1_344' title='bbox 511 3443 589 3514; x_wconf 71' lang='lat' dir='ltr'>(a‘d</span> <span class='ocrx_word' id='word_1_345' title='bbox 608 3445 676 3498; x_wconf 79' lang='lat' dir='ltr'>lrrit</span> <span class='ocrx_word' id='word_1_346' title='bbox 730 3445 808 3500; x_wconf 79' lang='lat' dir='ltr'>cedit.</span> 
     </span>
     <span class='ocr_line' id='line_1_39' title="bbox 113 3514 1289 3583; baseline 0.001 -15"><span class='ocrx_word' id='word_1_347' title='bbox 113 3516 257 3583; x_wconf 81' lang='lat' dir='ltr'>Anhang).</span> <span class='ocrx_word' id='word_1_348' title='bbox 285 3547 318 3555; x_wconf 90' lang='lat'><em>-</em></span> <span class='ocrx_word' id='word_1_349' title='bbox 343 3517 522 3571; x_wconf 75' lang='lat' dir='ltr'>denuntio</span> <span class='ocrx_word' id='word_1_350' title='bbox 541 3542 576 3562; x_wconf 85' lang='lat'>=</span> <span class='ocrx_word' id='word_1_351' title='bbox 596 3516 677 3569; x_wconf 85' lang='lat' dir='ltr'>‘thue</span> <span class='ocrx_word' id='word_1_352' title='bbox 765 3521 809 3570; x_wconf 79' lang='lat'>29.</span> <span class='ocrx_word' id='word_1_353' title='bbox 827 3516 1051 3580; x_wconf 74' lang='lat' dir='ltr'>consultanti,</span> <span class='ocrx_word' id='word_1_354' title='bbox 1069 3514 1289 3570; x_wconf 88' lang='lat' dir='ltr'>d.h.nachdem</span> 
     </span>
     <span class='ocr_line' id='line_1_40' title="bbox 114 3585 1288 3655; baseline 0.002 -17"><span class='ocrx_word' id='word_1_355' title='bbox 114 3587 163 3638; x_wconf 91' lang='lat' dir='ltr'>ich</span> <span class='ocrx_word' id='word_1_356' title='bbox 180 3585 296 3640; x_wconf 90' lang='lat' dir='ltr'>hiermit</span> <span class='ocrx_word' id='word_1_357' title='bbox 313 3605 347 3640; x_wconf 86' lang='lat' dir='ltr'>zu</span> <span class='ocrx_word' id='word_1_358' title='bbox 364 3586 478 3653; x_wconf 69' lang='lat' dir='ltr'>nissen,</span> <span class='ocrx_word' id='word_1_359' title='bbox 499 3587 611 3642; x_wconf 80' lang='lat' dir='ltr'>beiehle</span> <span class='ocrx_word' id='word_1_360' title='bbox 628 3586 677 3641; x_wconf 89' lang='lat' dir='ltr'>ich</span> <span class='ocrx_word' id='word_1_361' title='bbox 730 3586 894 3640; x_wconf 83' lang='lat' dir='ltr'>Aristander</span> <span class='ocrx_word' id='word_1_362' title='bbox 907 3585 1073 3655; x_wconf 78' lang='lat' dir='ltr'>ahgetrcten</span> <span class='ocrx_word' id='word_1_363' title='bbox 1085 3601 1153 3641; x_wconf 83' lang='lat' dir='ltr'>war.</span> <span class='ocrx_word' id='word_1_364' title='bbox 1174 3616 1208 3625; x_wconf 92' lang='lat'><em>-</em></span> <span class='ocrx_word' id='word_1_365' title='bbox 1228 3587 1288 3640; x_wconf 80' lang='lat' dir='ltr'>uti-</span> 
     </span>
     <span class='ocr_line' id='line_1_41' title="bbox 115 3655 1288 3725; baseline 0 -15"><span class='ocrx_word' id='word_1_366' title='bbox 115 3655 291 3710; x_wconf 87' lang='lat' dir='ltr'>feierliehst’.</span> <span class='ocrx_word' id='word_1_367' title='bbox 329 3657 367 3712; x_wconf 86' lang='lat' dir='ltr'>So</span> <span class='ocrx_word' id='word_1_368' title='bbox 385 3658 438 3712; x_wconf 88' lang='lat' dir='ltr'>mit</span> <span class='ocrx_word' id='word_1_369' title='bbox 455 3663 487 3711; x_wconf 79' lang='lat' dir='ltr'>eet</span> <span class='ocrx_word' id='word_1_370' title='bbox 505 3665 529 3713; x_wconf 88' lang='lat'>1.</span> <span class='ocrx_word' id='word_1_371' title='bbox 545 3663 591 3725; x_wconf 77' lang='lat'>153</span> <span class='ocrx_word' id='word_1_372' title='bbox 610 3664 636 3712; x_wconf 90' lang='lat'>8.</span> <span class='ocrx_word' id='word_1_373' title='bbox 651 3663 676 3711; x_wconf 82' lang='lat'>3.</span> <span class='ocrx_word' id='word_1_374' title='bbox 730 3673 790 3725; x_wconf 69' lang='lat' dir='ltr'>qne</span> <span class='ocrx_word' id='word_1_375' title='bbox 816 3656 993 3725; x_wconf 65' lang='lat' dir='ltr'>‘jedenialla</span> <span class='ocrx_word' id='word_1_376' title='bbox 1014 3656 1217 3725; x_wconf 79' lang='lat' dir='ltr'>wenigstens’3</span> <span class='ocrx_word' id='word_1_377' title='bbox 1246 3658 1288 3710; x_wconf 86' lang='lat' dir='ltr'>da·</span> 
     </span>
     <span class='ocr_line' id='line_1_42' title="bbox 117 3727 1288 3797; baseline -0.003 -15"><span class='ocrx_word' id='word_1_378' title='bbox 117 3732 150 3782; x_wconf 78' lang='lat'>15</span> <span class='ocrx_word' id='word_1_379' title='bbox 165 3745 193 3781; x_wconf 89' lang='lat' dir='ltr'>u.</span> <span class='ocrx_word' id='word_1_380' title='bbox 207 3733 232 3781; x_wconf 79' lang='grc' dir='ltr'>ὁ.</span> <span class='ocrx_word' id='word_1_381' title='bbox 243 3758 277 3766; x_wconf 96' lang='grc'><strong>-</strong></span> <span class='ocrx_word' id='word_1_382' title='bbox 292 3730 358 3782; x_wconf 75' lang='lat' dir='ltr'>ianr</span> <span class='ocrx_word' id='word_1_383' title='bbox 375 3730 520 3795; x_wconf 55' lang='lat' dir='ltr'>indicem</span> <span class='ocrx_word' id='word_1_384' title='bbox 537 3730 603 3795; x_wconf 73' lang='lat' dir='ltr'>taen,</span> <span class='ocrx_word' id='word_1_385' title='bbox 616 3729 642 3782; x_wconf 85' lang='lat' dir='ltr'>d</span> <span class='ocrx_word' id='word_1_386' title='bbox 657 3727 676 3780; x_wconf 83' lang='lat' dir='ltr'>i</span> <span class='ocrx_word' id='word_1_387' title='bbox 732 3728 786 3781; x_wconf 89' lang='lat' dir='ltr'>mit</span> <span class='ocrx_word' id='word_1_388' title='bbox 799 3727 869 3780; x_wconf 81' lang='lat' dir='ltr'>wird</span> <span class='ocrx_word' id='word_1_389' title='bbox 882 3727 1062 3797; x_wconf 60' lang='lat' dir='ltr'>angedeutet,</span> <span class='ocrx_word' id='word_1_390' title='bbox 1080 3727 1146 3781; x_wconf 88' lang='lat' dir='ltr'>dass</span> <span class='ocrx_word' id='word_1_391' title='bbox 1161 3729 1234 3783; x_wconf 87' lang='lat' dir='ltr'>auch</span> <span class='ocrx_word' id='word_1_392' title='bbox 1247 3727 1288 3780; x_wconf 91' lang='lat' dir='ltr'>die</span> 
     </span>
     <span class='ocr_line' id='line_1_43' title="bbox 116 3796 1288 3869; baseline -0.002 -15"><span class='ocrx_word' id='word_1_393' title='bbox 116 3801 183 3854; x_wconf 73' lang='lat' dir='ltr'>dans</span> <span class='ocrx_word' id='word_1_394' title='bbox 192 3798 678 3869; x_wconf 71' lang='lat' dir='ltr'>udestErioytas,isteiogesehoben</span> <span class='ocrx_word' id='word_1_395' title='bbox 731 3798 865 3852; x_wconf 78' lang='lat' dir='ltr'>fruheren</span> <span class='ocrx_word' id='word_1_396' title='bbox 878 3798 1038 3852; x_wconf 77' lang='lat' dir='ltr'>Anaeichen</span> <span class='ocrx_word' id='word_1_397' title='bbox 1054 3796 1136 3850; x_wconf 86' lang='lat' dir='ltr'>nicht</span> <span class='ocrx_word' id='word_1_398' title='bbox 1154 3816 1228 3867; x_wconf 78' lang='lat' dir='ltr'>ganz</span> <span class='ocrx_word' id='word_1_399' title='bbox 1244 3815 1288 3852; x_wconf 90' lang='lat' dir='ltr'>uu·</span> 
     </span>
     <span class='ocr_line' id='line_1_44' title="bbox 116 3867 1288 3939; baseline -0.001 -17"><span class='ocrx_word' id='word_1_400' title='bbox 116 3870 239 3938; x_wconf 86' lang='lat' dir='ltr'>worden,</span> <span class='ocrx_word' id='word_1_401' title='bbox 256 3871 292 3922; x_wconf 89' lang='lat' dir='ltr'>da</span> <span class='ocrx_word' id='word_1_402' title='bbox 305 3872 379 3926; x_wconf 89' lang='lat' dir='ltr'>ohne</span> <span class='ocrx_word' id='word_1_403' title='bbox 393 3871 470 3924; x_wconf 89' lang='lat' dir='ltr'>diese</span> <span class='ocrx_word' id='word_1_404' title='bbox 488 3868 615 3925; x_wconf 85' lang='lat' dir='ltr'>Partilrel</span> <span class='ocrx_word' id='word_1_405' title='bbox 629 3870 679 3924; x_wconf 89' lang='lat' dir='ltr'>der</span> <span class='ocrx_word' id='word_1_406' title='bbox 732 3868 849 3939; x_wconf 74' lang='lat' dir='ltr'>gi&#39;rnstig</span> <span class='ocrx_word' id='word_1_407' title='bbox 862 3885 992 3938; x_wconf 70' lang='lat' dir='ltr'>genesen</span> <span class='ocrx_word' id='word_1_408' title='bbox 1006 3867 1090 3923; x_wconf 77' lang='lat' dir='ltr'>aeien</span> <span class='ocrx_word' id='word_1_409' title='bbox 1106 3899 1141 3908; x_wconf 90' lang='lat'>—</span> <span class='ocrx_word' id='word_1_410' title='bbox 1160 3882 1288 3932; x_wconf 77' lang='lat' dir='ltr'>censes,</span> 
     </span>
     <span class='ocr_line' id='line_1_45' title="bbox 115 3938 1288 4010; baseline -0.003 -15"><span class='ocrx_word' id='word_1_411' title='bbox 115 3942 248 4010; x_wconf 78' lang='lat' dir='ltr'>lolgende</span> <span class='ocrx_word' id='word_1_412' title='bbox 271 3941 412 3995; x_wconf 82' lang='lat' dir='ltr'>Finalsate</span> <span class='ocrx_word' id='word_1_413' title='bbox 434 3940 537 3995; x_wconf 86' lang='lat' dir='ltr'>keinen</span> <span class='ocrx_word' id='word_1_414' title='bbox 563 3942 678 3996; x_wconf 87' lang='lat' dir='ltr'>rechten</span> <span class='ocrx_word' id='word_1_415' title='bbox 733 3943 847 3995; x_wconf 78' lang='lat' dir='ltr'>conaret</span> <span class='ocrx_word' id='word_1_416' title='bbox 860 3941 1003 4008; x_wconf 56' lang='lat' dir='ltr'>:elenen</span> <span class='ocrx_word' id='word_1_417' title='bbox 1025 3955 1096 4008; x_wconf 74' lang='lat' dir='ltr'>qaue</span> <span class='ocrx_word' id='word_1_418' title='bbox 1108 3945 1223 4008; x_wconf 71' lang='lat' dir='ltr'>possen</span> <span class='ocrx_word' id='word_1_419' title='bbox 1239 3938 1288 3993; x_wconf 78' lang='lat' dir='ltr'>int·</span> 
     </span>
     <span class='ocr_line' id='line_1_46' title="bbox 118 4011 1028 4081; baseline -0.002 -14"><span class='ocrx_word' id='word_1_420' title='bbox 118 4013 187 4067; x_wconf 87' lang='lat' dir='ltr'>Sinn</span> <span class='ocrx_word' id='word_1_421' title='bbox 208 4013 272 4079; x_wconf 85' lang='lat' dir='ltr'>hat;</span> <span class='ocrx_word' id='word_1_422' title='bbox 296 4013 344 4066; x_wconf 91' lang='lat' dir='ltr'>ein</span> <span class='ocrx_word' id='word_1_423' title='bbox 364 4012 533 4081; x_wconf 74' lang='lat' dir='ltr'>Ablaugnen</span> <span class='ocrx_word' id='word_1_424' title='bbox 554 4012 604 4067; x_wconf 87' lang='lat' dir='ltr'>des</span> <span class='ocrx_word' id='word_1_425' title='bbox 624 4011 678 4066; x_wconf 86' lang='lat' dir='ltr'>Ge·</span> <span class='ocrx_word' id='word_1_426' title='bbox 732 4027 791 4065; x_wconf 84' lang='lat' dir='ltr'>cere</span> <span class='ocrx_word' id='word_1_427' title='bbox 808 4012 1028 4066; x_wconf 72' lang='lat' dir='ltr'>sollicitudinem.</span> 
     </span>
     <span class='ocr_line' id='line_1_47' title="bbox 118 4079 1287 4153; baseline -0.004 -16"><span class='ocrx_word' id='word_1_428' title='bbox 118 4087 287 4153; x_wconf 82' lang='lat' dir='ltr'>eagtenwar</span> <span class='ocrx_word' id='word_1_429' title='bbox 294 4100 348 4142; x_wconf 85' lang='lat' dir='ltr'>nur</span> <span class='ocrx_word' id='word_1_430' title='bbox 357 4084 492 4152; x_wconf 79' lang='lat' dir='ltr'>moglich‚</span> <span class='ocrx_word' id='word_1_431' title='bbox 506 4099 587 4137; x_wconf 78' lang='lat' dir='ltr'>wenn</span> <span class='ocrx_word' id='word_1_432' title='bbox 596 4083 679 4151; x_wconf 87' lang='lat' dir='ltr'>jener</span> <span class='ocrx_word' id='word_1_433' title='bbox 768 4087 812 4137; x_wconf 81' lang='lat'>30.</span> <span class='ocrx_word' id='word_1_434' title='bbox 826 4084 894 4151; x_wconf 84' lang='lat' dir='ltr'>inp.</span> <span class='ocrx_word' id='word_1_435' title='bbox 909 4083 1020 4136; x_wconf 73' lang='lat' dir='ltr'>laben.</span> <span class='ocrx_word' id='word_1_436' title='bbox 1047 4081 1119 4136; x_wconf 83' lang='lat' dir='ltr'>Eine</span> <span class='ocrx_word' id='word_1_437' title='bbox 1128 4079 1287 4137; x_wconf 84' lang='lat' dir='ltr'>livianischc</span> 
     </span>
     <span class='ocr_line' id='line_1_48' title="bbox 116 4151 1287 4222; baseline -0.006 -13"><span class='ocrx_word' id='word_1_438' title='bbox 116 4156 199 4209; x_wconf 89' lang='lat' dir='ltr'>nicht</span> <span class='ocrx_word' id='word_1_439' title='bbox 211 4155 279 4210; x_wconf 89' lang='lat' dir='ltr'>oder</span> <span class='ocrx_word' id='word_1_440' title='bbox 292 4155 372 4209; x_wconf 89' lang='lat' dir='ltr'>nieht</span> <span class='ocrx_word' id='word_1_441' title='bbox 384 4155 465 4208; x_wconf 89' lang='lat' dir='ltr'>mehr</span> <span class='ocrx_word' id='word_1_442' title='bbox 477 4169 678 4222; x_wconf 77' lang='lat' dir='ltr'>rugegenwar.</span> <span class='ocrx_word' id='word_1_443' title='bbox 732 4153 852 4219; x_wconf 78' lang='lat' dir='ltr'>Phrase3</span> <span class='ocrx_word' id='word_1_444' title='bbox 875 4153 948 4207; x_wconf 87' lang='lat' dir='ltr'>doch</span> <span class='ocrx_word' id='word_1_445' title='bbox 970 4153 1091 4207; x_wconf 86' lang='lat' dir='ltr'>braucht</span> <span class='ocrx_word' id='word_1_446' title='bbox 1113 4153 1188 4207; x_wconf 88' lang='lat' dir='ltr'>auch</span> <span class='ocrx_word' id='word_1_447' title='bbox 1208 4151 1287 4207; x_wconf 86' lang='lat' dir='ltr'>sehon</span> 
     </span>
     <span class='ocr_line' id='line_1_49' title="bbox 155 4222 1246 4293; baseline -0.001 -14"><span class='ocrx_word' id='word_1_448' title='bbox 155 4232 198 4281; x_wconf 72' lang='lat'>25.</span> <span class='ocrx_word' id='word_1_449' title='bbox 213 4227 423 4293; x_wconf 77' lang='lat' dir='ltr'>tandemque,</span> <span class='ocrx_word' id='word_1_450' title='bbox 438 4223 676 4292; x_wconf 74' lang='lat' dir='ltr'>‘undspltterst&#39;</span> <span class='ocrx_word' id='word_1_451' title='bbox 733 4222 830 4279; x_wconf 86' lang='lat' dir='ltr'>Cicero</span> <span class='ocrx_word' id='word_1_452' title='bbox 848 4225 922 4278; x_wconf 82' lang='lat' dir='ltr'>tubes</span> <span class='ocrx_word' id='word_1_453' title='bbox 940 4249 975 4269; x_wconf 89' lang='lat'><em>=</em></span> <span class='ocrx_word' id='word_1_454' title='bbox 992 4224 1103 4278; x_wconf 69' lang='lat' dir='ltr'>noenta</span> <span class='ocrx_word' id='word_1_455' title='bbox 1120 4223 1246 4278; x_wconf 79' lang='lat' dir='ltr'>bildlielu</span> 
     </span>
     <span class='ocr_line' id='line_1_50' title="bbox 119 4295 1286 4361; baseline -0.003 -10"><span class='ocrx_word' id='word_1_456' title='bbox 119 4295 680 4361; x_wconf 80' lang='lat' dir='ltr'>oder‘aberschlieeslieh&#39;.—ursmeo,</span> <span class='ocrx_word' id='word_1_457' title='bbox 769 4302 813 4351; x_wconf 83' lang='lat'>31.</span> <span class='ocrx_word' id='word_1_458' title='bbox 845 4295 1066 4350; x_wconf 67' lang='lat' dir='ltr'>Menedemum</span> <span class='ocrx_word' id='word_1_459' title='bbox 1093 4313 1115 4350; x_wconf 86' lang='lat' dir='ltr'>s.</span> <span class='ocrx_word' id='word_1_460' title='bbox 1140 4300 1166 4350; x_wconf 83' lang='grc'>6.</span> <span class='ocrx_word' id='word_1_461' title='bbox 1190 4300 1232 4349; x_wconf 79' lang='lat'>24.</span> <span class='ocrx_word' id='word_1_462' title='bbox 1257 4320 1286 4331; x_wconf 90' lang='lat'>-</span> 
     </span>
     <span class='ocr_line' id='line_1_51' title="bbox 119 4363 1256 4437; baseline -0.001 -17"><span class='ocrx_word' id='word_1_463' title='bbox 119 4366 175 4422; x_wconf 81' lang='lat' dir='ltr'>di</span> <span class='ocrx_word' id='word_1_464' title='bbox 189 4365 383 4437; x_wconf 87' lang='lat' dir='ltr'>dieEinsicht,</span> <span class='ocrx_word' id='word_1_465' title='bbox 396 4363 680 4420; x_wconf 88' lang='lat' dir='ltr'>diemeineWissen·</span> <span class='ocrx_word' id='word_1_466' title='bbox 733 4367 847 4435; x_wconf 74' lang='lat' dir='ltr'>excipi</span> <span class='ocrx_word' id='word_1_467' title='bbox 861 4382 964 4435; x_wconf 82' lang='lat' dir='ltr'>posse.</span> <span class='ocrx_word' id='word_1_468' title='bbox 1002 4364 1133 4434; x_wconf 82' lang='lat' dir='ltr'>Suhjekt:</span> <span class='ocrx_word' id='word_1_469' title='bbox 1151 4366 1256 4422; x_wconf 73' lang='lat' dir='ltr'>hostem.</span> 
     </span>
    </p>
   </div>
   <div class='ocr_carea' id='block_1_6' title="bbox 0 0 1409 4792">
    <p class='ocr_par' dir='ltr' id='par_1_6' title="bbox 0 0 1409 4792">
     <span class='ocr_line' id='line_1_52' title="bbox 0 0 1409 4792; baseline 0 0"><span class='ocrx_word' id='word_1_470' title='bbox 0 0 1409 4792; x_wconf 95' lang='lat' dir='ltr'> </span> 
     </span>
    </p>
   </div>
  </div>
 </body>
</html>
