2790 4792
373 217 629 274 HISTORIARUM
646 218 862 274 ALEXANDRI
881 219 956 288 VIII,
977 227 1018 275 14.
1221 221 1284 286 159

108 383 247 448 mobiles
285 404 396 447 currus
435 382 556 446 inluvie
594 402 630 446 ac
668 381 878 467 voraginibus
916 384 1103 450 haerebant.
1163 382 1319 450 Contrua

109 472 291 536 Alexander
304 471 456 554 expedito
472 492 510 534 ao
528 471 591 536 levi
605 470 735 554 agmine
750 476 880 537 strenue
894 473 1039 537 invectus
1055 478 1114 539 cst.
1141 471 1284 558 Scythae

108 566 141 625 et
159 559 272 624 Dahae
296 560 395 643 primi
414 559 558 624 omnium
576 561 722 624 invasere
741 558 852 645 Indos,
875 559 1061 626 Perdiccam
1080 562 1195 627 deinde
1211 585 1284 628 cum

106 649 270 733 equitibus
305 649 340 712 iu
373 648 522 712 dextrum
555 669 654 713 cornu
690 647 835 712 hostium
872 649 988 714 emisit.
1042 649 1113 715 Iam
1145 650 1320 736 undiquec

105 759 215 823 pugna
239 758 273 801 se
298 739 458 819 moverat,
482 757 555 800 cum
578 737 617 818 ii,
639 736 695 820 qui
718 758 829 802 currus
851 739 1005 822 agebant,
1028 738 1108 804 illud
1131 739 1284 804 ultimum

106 825 264 895 auxilium
299 847 431 890 suorum
463 824 527 889 rati
561 824 670 889 effusis
702 824 837 890 habenis
870 827 905 890 in
937 826 1079 891 medium
1112 828 1285 893 discrimen

105 937 198 979 ruere
232 919 415 997 coeperunt.
464 913 592 995 Anceps
620 913 653 977 id
681 914 803 978 malum
831 915 976 999 utrisque
1005 921 1083 981 erat.
1136 916 1223 981 Nam
1252 920 1320 982 etv

105 1003 320 1068 Macedonum
344 1002 470 1084 pedites
494 1002 598 1085 primo
622 1002 747 1085 impetu
771 1002 1002 1068 obterebantur
1022 1008 1056 1069 et
1076 1027 1135 1088 per
1158 1005 1285 1069 lubrica

107 1097 205 1173 atque
227 1092 318 1156 invia
340 1090 468 1155 inmissi
492 1111 605 1154 currus
624 1090 832 1155 excutiebant
855 1112 923 1176 eos,
947 1115 966 1156 a
990 1093 1108 1176 quibus
1127 1094 1283 1176 regeban-

105 1185 173 1244 tur:
203 1180 342 1245 aliorum
369 1178 493 1243 turbati
516 1179 590 1262 equi
613 1200 677 1243 non
701 1178 735 1242 in
762 1181 935 1266 voragines
959 1181 1055 1246 modo
1079 1182 1319 1265 lacunasque,8

108 1267 163 1332 sed
200 1269 298 1332 etiam
334 1269 366 1332 in
406 1288 535 1332 amnem
572 1267 828 1350 praecipitavere
865 1269 1036 1354 curricula,
1069 1270 1171 1355 pauci
1207 1269 1319 1334 talias

105 1356 250 1421 hostium
275 1357 380 1421 exacti
403 1360 613 1439 penetravere
637 1356 678 1420 ad
701 1355 823 1421 Porum
852 1359 1006 1422 acerrime
1033 1378 1177 1443 pugnam
1201 1357 1284 1422 cien-

53 1447 182 1512 l8tem.
221 1445 268 1528 Is,
291 1448 328 1509 ut
350 1444 527 1528 dissipatos
550 1447 622 1509 tota
645 1445 712 1510 acie
736 1466 848 1509 currus
870 1447 984 1529 vagari
1008 1447 1078 1511 sine
1101 1447 1282 1511 rectoribus

105 1533 201 1616 vidit,
239 1533 395 1617 proximis
433 1533 612 1598 amicorum
649 1533 817 1597 distribuit
853 1534 1052 1618 elephantos
1108 1535 1190 1600 Post
1227 1556 1283 1600 eos
1304 1551 1337 1600 lo

104 1627 261 1705 posuerat
283 1620 423 1706 peditem
449 1643 485 1686 ac
509 1621 699 1706 sagittarios
722 1627 752 1685 et
773 1625 928 1705 tympana
950 1623 1079 1706 pulsare
1099 1623 1227 1688 solitos:
1251 1622 1284 1686 id

103 1733 163 1794 pro
188 1715 286 1775 cantu
308 1711 460 1775 tubarum
483 1708 571 1774 Indis
596 1712 676 1774 erat.
719 1708 788 1774 Nec
813 1711 952 1794 strepitu
976 1733 1088 1776 eorum
1110 1712 1284 1777 moveban-

103 1803 171 1881 tur,
195 1800 274 1864 olim
298 1799 338 1863 ad
361 1802 475 1863 notum
500 1820 614 1863 sonum
639 1797 771 1862 auribus
794 1797 965 1881 mitigatis.
1006 1798 1156 1865 Herculis
1184 1801 1281 1864 simu·
1304 1818 1336 1864 11

104 1887 228 1953 lacrum
248 1887 371 1971 agmini
390 1885 535 1970 peditum
553 1885 804 1970 praeferebatur.
835 1885 872 1950 Id
887 1887 1065 1952 maximum
1080 1891 1149 1953 erat
1162 1888 1284 1952 bellan-

104 1977 192 2041 tibus
222 1976 469 2041 incitamentum
497 1979 531 2040 et
558 1975 738 2040 deseruisse
762 1978 929 2058 gestantes
952 1976 1093 2040 militare
1122 1975 1283 2060 flagitium

104 2065 298 2129 habebatur:
330 2064 447 2147 capitis
475 2065 574 2129 etiam
604 2067 779 2128 sanxerant
805 2085 944 2147 poenam
972 2065 1029 2148 iis,
1061 2065 1116 2149 qui
1144 2087 1183 2128 ex
1216 2064 1283 2128 acie
1305 2081 1337 2128 12

105 2174 170 2217 non
197 2153 415 2235 rettulissent,
448 2156 550 2236 metu,
581 2175 676 2237 quom
705 2175 744 2216 ex
771 2153 829 2217 illo
857 2153 952 2218 hoste
984 2153 1146 2237 quondam
1176 2173 1283 2229 conce-

103 2247 233 2325 perant,
257 2243 357 2306 etiam
381 2242 415 2305 in
438 2241 631 2323 religionem
650 2242 957 2326 venerationemque
976 2263 1141 2307 converso.
1177 2239 1283 2306 Mace·

105 2330 206 2395 donas
233 2352 298 2395 non
332 2331 500 2394 beluarum
528 2329 637 2412 modo,
669 2330 725 2395 sed
753 2330 852 2395 etiam
882 2330 986 2413 ipsius
1014 2331 1102 2416 regis
1135 2333 1283 2414 aspectus

105 2441 279 2502 parumper
302 2418 453 2483 inhibuit.
500 2416 622 2483 Beluae
650 2418 827 2502 dispositae
858 2420 943 2483 inter
970 2423 1114 2484 armatos
1144 2418 1284 2501 speciem
1306 2437 1337 2484 13

104 2508 244 2571 turrium
277 2507 389 2590 procul
424 2507 581 2589 fecerant,
614 2506 686 2588 ipse
717 2506 822 2571 Porus
855 2507 1016 2572 humanae
1051 2506 1284 2591 magnitudinis

104 2595 338 2679 propemodum
354 2598 536 2660 excesserat
554 2595 702 2659 formam.
737 2593 998 2679 Magnitudinem
1017 2596 1141 2678 corpori
1160 2594 1284 2659 adicere

105 2684 276 2748 videbatur
299 2685 408 2762 belua,
434 2705 497 2767 qua
515 2683 705 2765 vehebatur,
729 2686 858 2747 tantum
881 2684 967 2747 inter
987 2687 1110 2747 ceteras
1129 2683 1284 2766 eminens,

106 2776 228 2856 quanto
253 2773 327 2837 aliis
355 2774 425 2856 ipse
452 2772 650 2855 praestabat.
694 2771 809 2855 ltaque
832 2770 1017 2836 Alexander
1045 2771 1284 2854 contemplatus
1306 2793 1338 2841 14

107 2865 141 2926 et
168 2882 277 2947 regem
305 2865 337 2925 et
366 2881 483 2945 agmen
510 2859 680 2938 Indorum,
714 2859 892 2943 ‘Tandem',
919 2861 1039 2944 inquit,
1072 2859 1143 2945 ‘par
1175 2859 1284 2924 animo

143 3079 298 3140 opacae
316 3074 523 3136 semoveret,
542 3068 669 3124 eineun·
722 3070 824 3124 rausch
855 3069 1024 3140 gegem'iber.
1053 3100 1087 3110 —
1114 3070 1286 3138 mitigatis

104 3141 300 3214 gewbhnliche
314 3140 428 3197 Phraee.
451 3140 521 3195 Eine
537 3139 669 3196 hhnliche
724 3139 775 3195 wic
795 3147 820 3197 9.
840 3146 865 3196 2.
886 3146 932 3206 163
956 3139 1125 3209 Gegensatz:
1147 3140 1284 3209 pauidum

105 3211 337 3269 Personifioation
355 3217 371 3279 5
391 3218 407 3267 ‘I
430 3228 529 3268 currus
552 3213 668 3268 ecnube-
724 3213 761 3267 ad
779 3213 872 3266 omnia
891 3211 998 3266 animat
1016 3215 1031 3276 5
1050 3216 1094 3264 23.

106 3287 183 3340 boat.
760 3296 801 3344 11.
816 3290 985 3346 Herculia.
1003 3288 1092 3344 Wohl
1105 3288 1154 3343 dea
1168 3287 1282 3343 Visbnu.

142 3371 670 3442 9.eructi,verjagt,geschauoht
722 3361 815 3443 Uf³ber
843 3365 977 3429 deltam&
1003 3359 1044 3414 lm
1070 3358 1232 3428 F018011d⁰¹1
1262 3376 1283 3412 Β·

107 3443 160 3498 wie
178 3449 193 3508 5
212 3449 246 3499 30
265 3444 452 3512 exigebantur.
472 3473 506 3482 —
525 3441 598 3496 aina
617 3456 668 3496 re·
722 3431 795 3485 Eml·
815 3435 831 3496 i
851 3437 866 3484 ⁷
885 3447 911 3486 a·

104 3517 259 3570 oloribus
282 3513 322 3568 ist
338 3513 419 3568 nicht
440 3511 499 3568 viel
516 3512 596 3566 mehr
613 3511 668 3566 als:
760 3524 802 3573 12,
825 3523 911 3572 metu
936 3534 1094 3574 conuerso
1118 3519 1221 3588 gehbrt
1243 3519 1285 3573 als

108 3586 179 3638 ohne
198 3586 305 3640 sichero
325 3584 458 3653 Leitung;
483 3584 557 3637 donn
580 3598 610 3637 es
631 3581 670 3636 ist
722 3590 912 3660 Erlnuterung
933 3607 967 3644 zu
990 3588 1067 3645 allen
1089 3588 1150 3645 diei
1171 3591 1285 3646 vorher-

106 3655 307 3710 ausdriicklieh
339 3653 492 3724 bcrichteb,
522 3653 585 3708 dass
617 3670 670 3707 nur
723 3659 989 3731 gehennensamn.
1016 3660 1286 3718 DerSchrifteteller

108 3743 164 3781 von
182 3725 295 3796 einiger
309 3726 418 3794 Wagen
438 3725 484 3780 die
498 3724 609 3780 Lenker
622 3723 670 3779 ab
724 3731 813 3787 denkt
835 3748 872 3786 an
895 3730 949 3786 den
973 3732 1158 3803 sagenhuften
1180 3732 1286 3787 Etobe-

108 3797 251 3867 geworfen
269 3797 383 3852 worden
401 3813 503 3852 varen.
563 3813 567 3819 ’
724 3819 865 3874 rungeaug
879 3802 928 3858 des
943 3802 1137 3873 griechischen
1148 3801 1285 3857 Herakles

145 3892 186 3940 10.
206 3887 432 3940 mouebantur.
461 3883 594 3939 Gemeint
609 3883 671 3938 sind
725 3873 813 3928 duwh
831 3871 937 3929 ludion-

109 3957 200 4011 sicher
233 3956 278 4011 die
311 3955 503 4025 Elephanton,
535 3955 585 4009 das
617 3954 670 4010 Ge·
763 3959 805 4011 13.
821 3955 913 4009 inter
931 3959 1085 4009 armatos.
1118 3949 1285 4006 Diascwur-

110 4027 335 4097 danhensubjekt
353 4027 403 4082 der
478 4042 528 4081 aon
540 4023 671 4094 Epieode.
726 4025 781 4079 den
794 4024 921 4080 aichtbar
938 4023 1026 4078 durch
1045 4023 1090 4078 die
1104 4021 1219 4076 deken
1238 4021 1287 4076 der

109 4098 180 4152 Eine
194 4099 297 4153 ebenso
315 4099 397 4153 harto
437 4097 519 4166 llipse
538 4096 588 4150 dea
602 4095 671 4150 Sub
725 4113 776 4152 vor
806 4095 857 4150 der
883 4095 970 4149 Front
997 4092 1197 4164 ausgeatellten
1223 4092 1286 4145 Ele-

105 4169 183 4239 jekts
212 4188 233 4224 a.
261 4169 292 4223 B.
321 4170 393 4224 oben
420 4175 444 4223 9.
469 4175 494 4223 8.
536 4166 610 4222 Odor
634 4165 673 4220 iat
725 4162 1286 4237 phantenreihe.-excesserat,n'aml.

110 4242 183 4295 ctwa
216 4241 310 4294 botuae
338 4240 405 4310 (vgl.
434 4244 449 4304 5
476 4244 521 4303 123
546 4243 591 4304 133
618 4238 671 4306 16.)
726 4237 814 4292 durch
833 4237 887 4290 dan
905 4235 999 4290 hohen
1018 4234 1087 4303 Sita,
1106 4234 1161 4289 den
1180 4251 1211 4289 er
1229 4232 1286 4288 ein-

110 4310 673 4436 lliefllllll'nlil”cillialid
726 4306 1351 4496 {Zilil}lllllttthi‘llilllll

106 4415 136 4437 .,
177 4424 182 4436 ,
663 4407 672 4418 .
777 4421 783 4434 ,
844 4420 850 4432 ,
893 4418 898 4431 ,
926 4406 959 4415 ..
1124 4417 1132 4444 ,
