2790 4792
117 213 183 280 226
579 214 611 278 Q.
631 213 743 270 CURTI
761 213 848 270 RUFI

116 384 163 444 est
188 374 310 464 Susis‘)
337 382 366 442 et
394 378 519 461 Tr'prn'rle
545 398 636 442 arnae
663 378 845 442 domniaco
871 379 957 460 apnrd
982 376 1082 443 (laras
1106 381 1210 443 castra
1232 397 1294 442 me·

119 472 202 532 tatus
228 471 289 532 cst:
315 467 387 531 inde
413 468 586 548 quadriduo
607 487 667 548 per
689 465 862 531 Sittacenen
889 467 989 531 ductis
1015 466 1110 549 copies
1132 464 1295 531 Sambana

111 558 271 639 processit,
308 555 363 620 ubi
386 576 446 637 per
476 560 586 637 septem
617 556 683 620 dics
714 556 850 637 piretum
880 575 989 639 aprrncn
1024 555 1129 620 munit.
1181 553 1296 620 Tridui

118 645 225 710 cana
246 645 356 709 itinere
377 664 495 709 anenso
513 642 643 709 Celonas
659 648 839 726 mmmmm
860 648 911 708 est.
949 642 1104 726 oppidem
1120 643 1177 708 boc
1194 648 1297 709 terrem

116 733 250 799 Boeotia
275 733 419 816 profecti,
451 753 526 814 arms
552 732 673 798 Xerses
700 733 821 797 salibus
846 733 912 798 suis
937 734 1049 798 uuus
1075 733 1111 797 in
1139 731 1295 798 Orientem

117 822 287 888 transtulit.
338 821 565 904 Sonabautpue
591 827 807 904 arcumentum
829 822 960 904 uminis
982 822 1135 904 peculiari
1156 841 1297 886 mmmm

117 932 155 977 eu
182 910 312 978 Graecis
334 911 514 992 ploransque
539 909 661 975 cordus
687 915 858 976 mmmmm:
885 913 1017 975 cetcrmn
1043 911 1079 975 ob
1103 911 1295 976 mmmacrb

117 1020 190 1065 rum
211 1001 416 1064 necessitatem
438 1000 644 1079 finitimorum
661 999 864 1064 barbarormn
882 999 990 1082 liupila
1008 999 1180 1064 elabantur.
1215 999 1296 1065 Inde

116 1087 314 1172 Bapistanen
350 1089 507 1172 inpressas
542 1093 599 1171 est,
634 1089 786 1170 ropionem
822 1088 997 1169 oprrlmtam
1028 1093 1057 1152 et
1085 1088 1295 1154 mundanum

118 1177 264 1242 arborum
290 1197 417 1242 ommno
444 1181 473 1242 ct
497 1177 626 1258 fmundo
651 1177 736 1257 foetu
762 1177 922 1258 aeremque
948 1177 992 1242 ad
1015 1178 1095 1242 uitae
1116 1197 1181 1242 non
1203 1197 1296 1243 rusum
1369 1222 1373 1233 .

118 1267 220 1348 modo,
242 1286 347 1330 naum
370 1267 464 1330 diam
486 1267 711 1330 delectationem
727 1265 959 1347 pcrtinentibus.

208 1354 391 1419 Perventum
413 1355 521 1419 deinde
542 1355 644 1418 estin
665 1353 791 1419 Multae
812 1374 949 1436 caumas,
975 1354 1029 1419 ubi
1050 1355 1186 1419 maaimi
1208 1373 1294 1436 equo

118 1464 191 1509 rum
205 1463 309 1526 propes
324 1443 540 1524 pascebantur.
572 1439 729 1528 Nisaeosl)
743 1443 909 1527 appellant,
927 1444 1141 1526 mapuitndine
1157 1447 1188 1507 et
1199 1444 1296 1526 specie

119 1533 263 1615 iusr'pms.
308 1531 414 1614 Supra
438 1532 665 1614 quinquaqinta
686 1532 777 1596 milia
799 1532 843 1596 rbi
864 1536 997 1615 reperta,
1024 1552 1094 1596 cum
1116 1531 1296 1598 Alexander

119 1641 152 1686 eo
174 1622 334 1704 bausiret,
357 1641 378 1684 a
400 1621 559 1686 comitibus
581 1620 668 1685 illins
689 1620 872 1685 adnotatum
893 1626 954 1686 est:
980 1620 1054 1686 olim
1077 1621 1170 1704 tm'plo
1187 1621 1296 1704 pura

117 1708 229 1793 friusa,
256 1711 310 1774 sed
336 1711 417 1774 inter
444 1709 591 1775 bellorum
619 1709 724 1774 nerbas
746 1711 919 1774 rnounnam
941 1730 1046 1774 eorum
1064 1714 1188 1791 partem
1208 1730 1296 1792 prae

119 1799 212 1864 danes
233 1798 373 1881 abepisse.
414 1798 469 1862 Ad
490 1799 620 1882 tripiuta
641 1799 706 1863 dies
727 1799 772 1862 rbi
793 1799 929 1864 substitit
949 1818 1012 1862 reu.
1056 1798 1105 1862 Eo
1128 1797 1297 1882 Atropatene

118 1887 245 1952 Mediae
261 1891 390 1969 satrapa
408 1891 529 1951 centum
550 1887 701 1951 barbaras
717 1887 861 1952 mulieres
882 1888 1014 1952 addimit
1034 1888 1196 1968 equitandi
1212 1888 1296 1970 perl-

119 1981 168 2042 tas
184 1975 333 2058 peltisque
350 1981 379 2040 et
395 1975 550 2040 securibus
567 1980 724 2041 amnatas:
746 1976 828 2040 unde
845 1977 973 2057 quidam
990 1976 1186 2041 medrdmunt
1198 1975 1296 2042 Ama-

119 2083 231 2129 eonum
248 2069 388 2147 carpente
405 2065 554 2146 reliquias
569 2065 674 2145 fuisse.
715 2063 862 2146 Septimis
879 2065 986 2129 deiude
1003 2065 1113 2130 casnm
1130 2065 1296 2131 Ecbatana

119 2154 234 2236 attlpit,
260 2152 386 2218 Mediae
412 2157 512 2236 caput.
561 2153 615 2218 Ibi
640 2154 802 2218 sollemnia
828 2154 890 2218 diis
916 2154 1072 2236 sacrificia
1095 2154 1171 2234 fecit
1196 2155 1296 2220 ludos

78 2299 81 2304 .
119 2262 178 2324 que
199 2242 297 2306 edidit
317 2246 346 2305 et
366 2243 403 2306 in
424 2243 565 2306 mnemia
585 2242 735 2324 festosque
756 2243 820 2306 dies
843 2243 962 2306 muaoit
983 2243 1138 2320 animum,
1165 2247 1203 2307 ut
1223 2262 1297 2309 neon

119 2331 155 2394 iu
176 2349 324 2394 nmmum
346 2350 471 2411 operum
493 2350 601 2395 curam
626 2336 716 2412 atam
737 2331 913 2395 ministeria
930 2331 1063 2396 validmr
1080 2331 1295 2396 intenderetur.

120 2417 182 2484 Sed
203 2419 265 2482 ista
286 2419 462 2501 uoluentem,
484 2419 566 2484 oelut
587 2420 699 2483 iniecta
721 2439 832 2502 mauri,
853 2419 956 2499 fatum
979 2421 1042 2484 olio
1066 2420 1168 2484 traxit
1184 2422 1296 2485 citam

119 2528 175 2590 que
202 2508 361 2572 carissimo
389 2509 560 2572 amicorum
587 2509 652 2573 eius
679 2528 774 2589 ueqice
798 2509 893 2572 multo
915 2514 988 2590 post
1009 2510 1071 2591 ipsi
1092 2528 1211 2591 quoqrn
1232 2511 1296 2593 rapi

119 2598 252 2661 extorsit.
302 2596 419 2662 Pueros
451 2599 487 2660 iu
519 2598 619 2662 stadio
651 2602 798 2662 munus
828 2597 992 2679 spectabat,
1029 2618 1098 2662 cum
1128 2600 1296 2663 nuntiatur
1376 2646 1379 2685 ,

119 2687 242 2768 (testeae
260 2685 530 2770 Hephaestionem,
553 2686 608 2766 qui
630 2686 733 2750 morbo
755 2706 792 2750 ea
814 2687 944 2768 crapula
961 2691 1114 2751 contracto
1131 2688 1295 2768 septimum
1377 2694 1380 2727 l

119 2775 185 2837 iam
208 2776 288 2838 diem
311 2775 493 2856 aeprotabat.
535 2775 717 2840 Exterritus
739 2775 833 2839 amici
849 2775 989 2856 periculo
1012 2777 1117 2839 statim
1140 2777 1296 2860 consurpit

120 2867 148 2926 et
170 2863 213 2926 ad
233 2862 400 2943 hospitium
422 2865 509 2927 illius
531 2864 664 2927 celeriter
684 2864 800 2945 percit:
823 2884 917 2945 neque
940 2868 1042 2928 tarum
1058 2866 1153 2946 prius
1173 2886 1207 2930 co
1224 2886 1293 2948 pcr-

119 2952 212 3034 reuit,
245 2971 339 3030 quiam
366 2952 455 3014 illum
482 2971 565 3015 mors
592 2957 771 3033 occupasset.
816 2952 860 3016 Ia
885 2954 949 3034 repi
976 2954 1128 3037 omnium,
1154 2974 1234 3035 puae
1261 2955 1294 3018 in
1372 2958 1375 2965 '

119 3040 184 3102 uita
199 3039 384 3123 pcrtrderat,
408 3041 604 3104 aduersorum
628 3041 886 3105 luctuosissimum
908 3041 1050 3109 amidnse
1074 3047 1191 3106 certum
1208 3043 1293 3107 labe
1378 3082 1381 3097 ι

120 3133 172 3192 tur
198 3148 324 3210 eumque
350 3128 563 3211 mapuitudine
589 3129 703 3194 doloris
728 3131 764 3193 iu
791 3130 937 3194 lacrimas
964 3135 992 3194 et
1019 3131 1154 3194 larneuta
1181 3132 1293 3197 rutum

119 3217 218 3281 multa
241 3218 342 3281 animi
363 3219 399 3282 de
418 3218 521 3300 produ
543 3219 648 3282 deleat
668 3223 850 3300 arpumeuta
867 3219 1003 3283 edidisse.
1039 3218 1102 3283 Sed
1118 3240 1155 3298 eu
1173 3221 1293 3301 quiden

118 3308 204 3371 uarie
227 3307 409 3370 traduntur:
432 3307 512 3371 illud
533 3307 613 3370 iuter
631 3327 734 3371 omues
752 3312 881 3385 constat,
903 3312 939 3370 ut
956 3328 1050 3388 quam
1067 3309 1293 3374 decentissimas

29 3446 38 3465 ,
119 3396 262 3477 euequms
289 3397 469 3477 eiduceret,
497 3396 630 3460 uoluisse
656 3396 827 3460 Ecbatanis
853 3396 986 3480 sepeliri,
1018 3397 1072 3460 secl
1092 3396 1293 3480 Babylonem,

119 3503 178 3563 prio
197 3483 260 3564 ipsc
278 3504 471 3548 concessurus
489 3489 567 3567 erat,
587 3505 608 3548 a
626 3483 773 3548 Perdicca
791 3485 904 3565 deferri
922 3505 1056 3550 curasse:
1079 3485 1181 3567 aare
1197 3487 1293 3567 funus
1388 3532 1390 3543 ι

120 3572 261 3635 inaudito
293 3570 420 3637 cumbae
451 3573 584 3655 exemplo
616 3574 773 3637 duodecim
805 3575 952 3638 talantum
984 3574 1109 3638 milibus
1142 3575 1292 3641 leonense.

191 3748 218 3814 2)
243 3745 345 3800 Susis.
391 3745 472 3800 Diese
501 3747 616 3817 Angabe
645 3749 772 3815 etammt‚
800 3748 852 3801 wie
881 3748 953 3801 auch
982 3745 1027 3801 die
1053 3747 1217 3818 folgenden,
1245 3765 1293 3803 aus

119 3814 238 3884 Diodor,
262 3816 311 3870 der
334 3815 379 3870 die
397 3817 533 3871 Menterei
556 3818 605 3872 des
624 3818 727 3872 Heeres
745 3817 824 3872 nicht
842 3837 875 3872 zu
895 3819 962 3888 Opis
982 3835 1027 3871 am
1047 3818 1151 3888 Tigris,
1175 3818 1293 3875 sondern

120 3905 152 3939 zu
172 3887 242 3941 Susa
260 3889 431 3942 auebrechen
454 3889 530 3944 lasst.
568 3888 620 3943 Die
639 3890 716 3959 Lage
738 3906 792 3943 von
812 3888 897 3943 Carae
921 3889 977 3943 und
998 3888 1138 3943 Sambana
1160 3888 1199 3944 ist
1216 3890 1293 3945 nicht

119 3957 172 4010 mit
195 3957 351 4013 Sicherheit
374 3977 407 4012 nn
429 3959 609 4026 bestimmen3
637 3960 706 4013 fiber
730 3959 872 4015 Sittacene
895 3978 914 4014 s.
939 3960 984 4014 die
1007 3961 1087 4015 Anm.
1111 3979 1145 4014 nn
1169 3967 1193 4015 5.
1219 3967 1243 4016 2.
1269 3967 1293 4014 1.

120 4027 240 4082 Gelonae
264 4029 402 4098 (Callonc,
426 4029 540 4099 Colone)
563 4031 599 4084 ist
622 4031 697 4084 wohl
721 4031 771 4084 das
794 4031 909 4101 heutige
927 4031 1082 4098 Holwan,
1105 4032 1225 4102 gelegen
1246 4031 1296 4087 auf

120 4098 169 4151 der
184 4098 292 4154 Straese
306 4101 442 4155 zwiechen
458 4101 525 4170 Opis
539 4102 596 4154 und
611 4102 768 4168 Ecbatana,
786 4104 843 4156 und
858 4102 1008 4172 Bagistane
1023 4101 1061 4156 ist
1071 4127 1104 4147 =
1117 4102 1291 4158 Behistum

121 4169 249 4236 (Bisitnn)
269 4187 314 4224 am
333 4172 418 4225 obern
437 4171 586 4240 Choaspes.

191 4243 217 4306 3)
236 4241 389 4298 Nisaeos.
422 4242 475 4296 Die
493 4242 631 4296 nisaieche
645 4243 740 4297 Ebene
758 4244 811 4298 mit
828 4244 908 4298 ihren
926 4245 1093 4300 ben‘ihmten
1112 4244 1292 4315 kbniglichen
1379 4236 1385 4297 '.²

122 4307 278 4364 Stubereien
296 4313 345 4382 lag
362 4313 392 4366 in
411 4313 460 4366 der
478 4312 594 4367 Provinn
612 4313 730 4383 Nisaya,
750 4317 836 4369 etwas
855 4315 958 4370 abseite
971 4333 1027 4371 von
1046 4315 1096 4370 der
1110 4315 1219 4372 Strasse
1236 4331 1291 4372 von
1382 4322 1386 4359 Ρ

121 4375 189 4445 Opis
211 4381 282 4434 nach
300 4383 452 4438 Ecbatana.
491 4383 517 4439 S.
537 4385 597 4436 Arr.
619 4391 641 4438 7.
663 4391 703 4438 13.
