2790 4792
362 226 619 284 HISTORIARUM
638 227 852 283 ALEXANDRI
871 228 918 299 Vl,
939 234 978 281 11.
1212 226 1254 290 47

86 392 120 455 in
138 394 314 474 potestate:
335 391 391 457 sed
409 396 583 475 postquam
601 391 816 457 intumescens
836 412 952 474 corpus
970 391 1130 455 ulceribus
1148 390 1256 476 flagel·
1278 405 1309 468 17

86 481 191 545 lorum
220 481 303 544 ictus
332 480 427 544 nudis
456 479 583 545 ossibus
612 480 759 544 incussos
787 479 853 544 fere
880 501 947 544 non
969 483 1114 564 poterat,
1142 480 1170 543 si
1192 484 1257 545 tor-

85 570 204 633 mentis
228 568 406 633 adhibituri
428 569 561 633 modum
586 571 708 651 essent,
735 568 896 633 dicturum
920 590 967 652 se,
996 589 1078 651 quae
1102 568 1183 632 scire
1207 590 1257 633 sx-

85 660 244 740 peterent,
266 658 447 741 pollicetur.
492 653 556 721 Sed
580 657 677 720 finem
700 657 883 741 quaestioni
900 656 978 740 fore,
1001 657 1108 722 iurare
1126 677 1181 721 cos
1200 679 1257 740 per

85 745 262 811 Alexandri
290 747 427 810 salutem
455 745 585 811 volebat
611 745 835 829 removerique
858 749 1007 810 tortores.
1051 745 1097 809 Et
1119 748 1256 828 utroque
1277 758 1309 806 18

85 836 261 919 inpetrato,
289 833 454 918 ‘Oratore',
482 834 602 918 inquit,
631 833 707 917 uic,
735 834 812 918 quid
839 855 891 898 me
904 818 1000 900 ‘velis
1023 832 1149 898 dicere'.
1194 833 1255 898 Illo
1276 849 1309 897 rs

86 924 280 1008 indignante
303 923 463 988 ludificari
486 944 559 987 eum
582 944 757 1007 rursusque
779 926 951 988 revocante
970 926 1109 988 tortores
1128 925 1256 1006 tempus

84 1015 195 1095 petere
219 1012 334 1095 coepit,
357 1012 432 1076 dum
456 1011 614 1094 reciperet
637 1012 802 1095 spiritum,
825 1015 953 1095 cuncta,
977 1032 1058 1096 quae
1081 1012 1188 1093 sciret,
1211 1013 1258 1076 in·

85 1101 257 1167 dicaturus.
302 1099 438 1165 Interim
456 1101 591 1184 equites,
613 1100 837 1166 nobilissimus
858 1100 994 1184 quisque
1014 1105 1047 1164 et
1064 1100 1089 1164 ii
1107 1102 1256 1184 maxime,
1276 1115 1309 1163 uo

85 1189 141 1273 qui
160 1188 408 1253 Parmenionem
426 1189 611 1273 propinqua
629 1188 824 1273 cognatione
843 1189 1060 1273 contingebat,
1083 1193 1256 1274 postquam

84 1277 240 1342 Philotan
268 1279 410 1362 torqueri
439 1279 528 1343 fama
555 1279 760 1363 vulgaverat,
786 1278 892 1362 legem
914 1276 1128 1342 Macedonum
1150 1278 1257 1361 veriti,

84 1389 149 1451 qua
167 1371 297 1431 cautum
317 1371 395 1451 erat,
418 1371 455 1432 ut
472 1367 647 1453 propinqui
665 1388 786 1446 eorum,
809 1366 865 1451 qui
883 1367 953 1452 regi
972 1366 1120 1432 insidiati
1140 1373 1257 1450 essent,

85 1477 157 1520 cum
181 1456 261 1539 ipsis
284 1460 485 1539 necarentur,
507 1456 565 1521 alii
588 1478 622 1522 se
641 1456 849 1539 interficiunt,
873 1455 929 1520 alii
947 1456 982 1520 in
1001 1455 1111 1521 devios
1129 1459 1256 1520 montes

84 1550 257 1628 vastasque
288 1544 481 1610 solitudines
508 1544 640 1628 fugiunt
665 1545 790 1630 ingenti
816 1567 875 1629 per
902 1548 975 1610 tota
1001 1548 1110 1609 castra
1132 1549 1257 1608 terrore

85 1633 211 1716 diffuso,
235 1633 335 1698 donec
357 1655 413 1697 rex
435 1633 579 1698 tumultu
602 1633 734 1719 cognito
756 1634 860 1718 legem
882 1654 916 1697 se
939 1635 975 1699 dc
998 1633 1159 1717 supplicio
1181 1654 1257 1697 con-

31 1718 74 1781 43
86 1722 269 1787 iunctorum
292 1722 442 1787 sontibus
464 1723 631 1787 remittere
654 1722 762 1787 edixit.
807 1720 955 1786 Philotas
973 1743 1093 1786 verone
1112 1744 1152 1786 an
1171 1742 1257 1785 men·
1276 1736 1308 1784 21

85 1810 177 1875 dacio
204 1810 341 1875 liberare
369 1833 403 1875 se
431 1833 451 1876 a
478 1811 622 1876 cruciatu
649 1810 803 1892 voluerit,
836 1830 953 1893 anceps
987 1811 1172 1874 coniectura
1199 1814 1256 1890 est,

88 1899 242 1982 quoniam
262 1904 294 1964 et
312 1921 389 1964 vera
407 1899 564 1965 confessis
583 1904 616 1964 et
633 1899 718 1964 falsa
736 1898 919 1964 dicentibus
939 1899 1024 1963 idem
1043 1898 1163 1963 doloris
1182 1899 1256 1962 finis

85 1988 278 2052 ostenditur:
297 1993 449 2071 ceterum,
462 1986 583 2052 ‘Pater’
598 1988 713 2072 inquit,
732 1984 833 2051 ‘meus
848 1986 1036 2071 Hegelocho
1050 2009 1148 2071 quam
1165 1987 1256 2052 fami·
1275 2003 1309 2051 22

87 2077 214 2141 liariter
236 2099 314 2141 usus
338 2077 394 2160 sit,
417 2098 484 2141 non
501 2077 676 2160 ignoratis:
694 2077 786 2140 illum
804 2076 875 2141 dico
894 2075 1126 2161 Hegelochum,
1146 2077 1201 2159 qui
1222 2077 1257 2140 in

88 2165 158 2229 acic
182 2165 308 2230 cecidit:
337 2166 480 2229 omnium
503 2165 664 2230 malorum
681 2165 824 2230 nobisis
845 2164 910 2229 fuit
928 2186 1033 2230 causa.
1078 2163 1164 2229 Nam
1184 2186 1257 2229 cum
1275 2181 1310 2229 23

82 2254 225 2338 primum
239 2252 326 2318 Iovis
340 2253 445 2318 filium
463 2275 497 2318 se
516 2253 652 2319 salutari
670 2253 767 2319 iussit
784 2275 849 2337 rex,
866 2253 901 2318 id
919 2253 1050 2338 indigne
1067 2253 1174 2318 ferens
1192 2253 1258 2337 ill'e,

84 2342 184 2406 ‘hunc
205 2343 305 2427 igitur
327 2362 438 2426 regem
460 2342 697 2428 adgnoscimus,
721 2343 835 2426 inquit,
858 2341 914 2426 qui
937 2340 1124 2426 Philippum
1148 2341 1257 2426 dedig-

84 2433 183 2495 natur
195 2430 344 2514 patrem?
359 2434 467 2495 actum
481 2439 530 2495 est
544 2431 582 2495 de
596 2431 700 2513 nobis,
716 2431 744 2495 si
758 2431 823 2495 ista
836 2431 963 2515 perpeti
977 2451 1157 2514 possumus.
1180 2430 1256 2496 Non

84 2519 235 2583 homines
253 2519 367 2602 solum,
386 2520 555 2585 sedetiam
573 2520 650 2586 deos
669 2518 815 2603 despicit,
833 2519 888 2604 qui
908 2519 1054 2602 postulat
1068 2520 1146 2584 deus
1161 2519 1256 2584 credi.
1275 2535 1311 2584 24

85 2607 263 2672 Amisimus
274 2606 505 2690 Alexandrum,
518 2608 685 2673 amisimus
699 2627 823 2692 regem:
838 2607 1009 2672 incidimus
1018 2608 1053 2671 in
1063 2607 1256 2691 superbiam,

121 2840 163 2891 lt.
182 2836 343 2891 incussos.
373 2835 410 2891 So
422 2834 470 2892 Sil.
480 2834 542 2890 Ital.
554 2840 578 2890 2.
589 2838 641 2889 eat
696 2834 755 2890 das
770 2833 881 2890 hoisst
899 2834 1111 2906 eingesohoben.
1127 2865 1160 2875 -
1174 2852 1256 2904 pro·

81 2907 195 2960 verbera
216 2906 345 2978 Ertmiys
366 2907 475 2962 incutit.
515 2905 571 2960 Der
593 2922 641 2975 ge·
690 2907 834 2976 pioque.
863 2905 1032 2977 Geganium:
1048 2908 1200 2977 lonqinquo
1213 2914 1255 2962 10.

82 2977 242 3032 wthnliche
263 2977 408 3033 Ausdruck
434 2994 493 3033 war
518 2978 643 3047 infligere
696 2984 738 3032 10.
765 2983 807 3032 19.
848 2978 934 3033 Beidc
959 2978 1111 3050 Adjeotiva
1137 2978 1257 3034 braucht

81 3049 202 3103 verbena
695 3048 768 3104 auch
787 3047 883 3104 Cicero
901 3049 931 3104 in
949 3049 1090 3120 gleichem
1108 3049 1202 3105 Sinna.
1222 3080 1256 3090 -

122 3124 162 3175 19,
191 3121 389 3186 ludificari,
410 3118 534 3175 ntmlioh
551 3121 641 3189 ipsios
695 3121 901 3190 tegrinse...
920 3122 1103 3186 remittere,
1122 3120 1257 3174 d.h.nur

80 3189 258 3258 (Gruterum).
274 3221 306 3231 -
321 3193 486 3260 reciperat
503 3190 556 3245 wie
574 3191 641 3246 rici·
694 3192 740 3244 fur
758 3190 853 3246 diesen
871 3190 941 3259 Fall,
960 3191 1048 3245 daher
1061 3191 1141 3246 nicht
1157 3192 1256 3260 toliere,

78 3262 163 3329 picus
179 3263 310 3330 spirituus
328 3268 352 3317 9.
372 3269 415 3318 33.
696 3262 809 3316 abolere.
845 3261 908 3330 Vgl.
934 3260 979 3315 die
998 3260 1104 3315 Phrasa
1127 3261 1171 3316 ius
1190 3277 1256 3328 pro·

120 3339 155 3388 20
171 3333 315 3388 interim.
334 3332 584 3388 Gewisscrmassen
594 3349 643 3386 um
692 3335 789 3400 prisma
802 3333 889 3388 alicui
901 3333 1040 3386 resaittsrc.
1052 3361 1086 3371 -
1099 3332 1257 3387 sontibus

82 3403 130 3457 die
148 3421 205 3458 von
220 3402 294 3459 Phil.
312 3403 447 3474 bogehrte
460 3402 552 3458 Pausa
570 3403 642 3457 cuch
696 3405 735 3456 ist
751 3402 836 3458 Datis
858 3401 1000 3472 abhAngig
1022 3419 1080 3457 von
1100 3403 1257 3458 coniurato·

81 3474 113 3528 in
132 3475 182 3528 der
199 3475 359 3545 Euathlung
378 3474 517 3529 eintreten
535 3491 569 3527 zu
586 3474 642 3528 las·
695 3491 765 3528 non.
802 3473 884 3528 Auch
899 3471 994 3528 Cicero
1013 3473 1080 3543 sogt
1097 3475 1259 3530 coniunctus
1332 3511 1334 3516 ·

82 3562 141 3613 sen,
160 3547 211 3601 hat
228 3546 278 3602 der
291 3544 493 3601 Schrittstcller
506 3543 568 3599 hier
580 3544 643 3600 eine
697 3545 784 3599 alicui
804 3543 844 3598 im
862 3543 947 3599 Sinna
966 3560 1021 3599 von
1040 3541 1176 3615 συγγενής
1193 3565 1257 3600 τινι.

82 3617 137 3671 mit
155 3617 204 3672 der
222 3619 413 3687 quaestiogsr
434 3615 514 3670 nicht
535 3632 642 3670 ausam·
733 3617 1142 3684 21.oaocpscoaicot.cst.
1177 3616 1257 3672 Siun:

83 3687 297 3757 mcnhtngande
320 3687 404 3743 Notiz
431 3686 643 3756 aiugesohoben,
698 3685 820 3741 daubei·
837 3687 969 3742 existircn
986 3705 1040 3742 nur
1057 3687 1257 3743 unbestimmte

76 3759 324 3828 moglicherwcise
352 3761 410 3814 erst
440 3756 644 3828 nachtrtglioh,
697 3757 936 3882 Vcrmuthnnpen.
964 3789 998 3798 -
1031 3761 1258 3825 ostenditur,

82 3836 327 3885 um7.1.102u
349 3829 506 3886 motiviren.
529 3858 564 3870 -·
586 3845 643 3884 ao·
696 3828 782 3883 ntml.
800 3828 847 3884 boi
884 3845 914 3884 er
931 3829 1092 3899 Folterung.

83 3903 275 3956 bilissimas
310 3903 459 3971 quisquc.
512 3898 644 3955 Disselbe
734 3905 776 3956 22.
809 3904 965 3966 osterum,
992 3899 1054 3955 hier
1079 3899 1257 3954 abbrechcnd

82 3974 177 4027 kfihno
205 3971 364 4042 appositiva
387 3971 572 4040 Verbiudung
594 3971 645 4026 hat
698 3995 733 4017 ι-
746 3972 913 4026 wicoimods'
925 3977 971 4037 cst,
985 3988 1019 4025 ns
1032 3972 1127 4026 malta.
1143 4001 1176 4009 -
1192 3970 1256 4024 Hc-

83 4045 156 4098 auch
175 4044 269 4098 Livius
293 4050 317 4101 1.
338 4050 361 4098 t.
381 4049 397 4097 5
417 4045 493 4098 boves
514 4042 644 4097 minium
697 4042 837 4112 ystocto.
869 4041 1198 4098 ViclleiohtderArr.3.
1215 4047 1256 4096 11.

82 4112 646 4184 qucmqmut.19.2dclscti000LVIII
698 4119 714 4168 8
734 4112 875 4168 eruthnto
893 4113 1092 4168 Baiteroberst.

81 4187 269 4241 nobilissimus
291 4187 409 4255 quisque.
446 4184 499 4238 Die
521 4183 643 4253 Apposi-
733 4189 776 4238 23.
806 4185 1019 4254 dedignatur.
1057 4182 1256 4239 Construktion

83 4256 144 4311 tion
177 4258 215 4310 ist
241 4256 303 4311 eine
334 4255 554 4311 erltuternde
586 4253 643 4309 und
697 4254 888 4311 wiodisvou
906 4257 1098 4324 dissuasuro.
1118 4258 1160 4310 28.

82 4326 378 4395 beschrtukendo,
403 4326 490 4381 daher
512 4324 582 4380 wird
604 4325 643 4378 im
734 4327 895 4382 sacrasti.
932 4325 992 4380 Nur
1009 4324 1163 4380 vareinuelt
1180 4327 1256 4381 steht

82 4398 243 4454 Deutschen
265 4398 383 4467 possead
414 4397 460 4451 cin
482 4393 643 4464 ntmlich,
697 4396 745 4452 bsi
758 4394 921 4453 Classilnexn
935 4397 1082 4468 postutare
1095 4397 1179 4450 uada
1196 4395 1278 4454 Ama,
1332 4446 1336 4485 ,

1326 4484 1336 4511 lt
