2790 4792
359 234 615 290 fflscrosmeon
634 233 849 290 Assxsnolu
868 233 902 306 x,
921 240 946 288 4.
1173 231 1237 297 227

64 398 126 463 Per
148 399 327 463 universum
350 403 426 463 certe
441 399 612 480 imperium
636 399 733 482 luqeri
753 419 823 464 eum
846 399 952 464 iussit:
979 402 1009 462 et
1028 417 1067 462 ue
1089 398 1238 462 memoria

63 489 128 552 eius
160 488 194 551 in
226 488 358 552 enerodu
389 487 575 570 emolesceret,
606 487 768 569 equitibus,
799 488 869 570 quis
894 487 1088 569 praefuerat,
1114 485 1238 550 nullum

56 576 210 659 praefecit
231 577 348 660 ducem,
370 577 424 641 sed
443 576 682 658 Hephaestionis
704 577 790 641 alam
812 577 964 660 appellari
986 575 1082 640 coluit
1098 579 1139 657 et,
1161 595 1238 656 quae

62 665 114 730 illc
149 665 240 748 siqno
271 666 466 743 instituisset,
499 685 536 728 ea
566 684 629 730 non
660 666 830 730 immutari.
874 664 1036 730 Funebria
1067 664 1237 728 certamino

63 754 221 837 indosque,
244 754 349 835 quoles
369 774 539 835 numquam
561 755 634 818 editi
651 754 795 838 fuissent,
818 755 982 818 meditatus
1000 754 1063 817 tria
1081 750 1237 833 artificum

62 842 153 907 milia
176 844 285 925 coepit:
308 843 362 924 qui
383 863 447 907 uon
464 843 560 908 multo
580 848 649 924 post
667 844 702 907 iu
712 845 818 925 ipsius
835 843 970 925 exequiis
988 847 1116 907 certasse
1131 841 1236 921 ferun

62 936 121 995 tur.
158 931 224 995 Nec
246 932 340 995 amici
359 935 423 995 tam
445 931 541 1010 effuso
563 931 684 1011 adfecti
706 933 749 996 ad
770 932 995 998 corniliandom
1017 932 1083 995 eius
1098 931 1236 1012 qratiam

61 1020 192 1102 seqniter
213 1021 264 1084 usi
285 1021 425 1085 certatim
444 1039 613 1104 repperere,
629 1040 688 1102 per
705 1041 784 1103 quoe
800 1022 951 1086 numeria
968 1020 1104 1101 defuncti
1121 1019 1236 1083 clarior

61 1109 296 1190 honoratiorque
318 1110 409 1190 huet.
446 1109 551 1191 Iqitnr
567 1109 734 1194 Huuunes,
757 1130 826 1174 cum
848 1129 880 1176 se
901 1110 938 1174 ob
960 1109 1147 1174 simultatem
1164 1127 1235 1172 oum

61 1196 288 1279 Hephaestione
323 1199 403 1280 rmis
440 1198 682 1280 insinuationem
717 1199 904 1264 contraxisse
939 1199 1091 1281 sensisset,
1128 1196 1235 1260 miultis

62 1291 169 1352 amtor
188 1285 252 1366 fuit
273 1305 360 1368 seque
382 1291 410 1350 et
431 1306 524 1350 arum
540 1306 600 1350 sua
617 1286 841 1369 Hephaestioni
858 1288 1054 1352 consecrandi
1070 1285 1233 1368 pecunias-
1255 1318 1261 1331 ·

61 1395 120 1458 que
140 1375 183 1440 ad
204 1375 458 1440 cohonestandum
479 1375 577 1455 funus
599 1375 683 1459 lurqe
705 1377 840 1440 contulit.
880 1376 951 1442 Hoc
972 1375 1142 1456 enemplum
1164 1374 1234 1437 imi

61 1464 121 1528 tati
146 1469 220 1531 sunt
250 1466 350 1528 ceteri:
382 1483 473 1545 eoque
501 1484 573 1529 mou
592 1465 743 1546 prooessit
769 1466 1018 1530 adsentationum
1044 1463 1233 1546 inpudentia,

59 1557 96 1616 ut
121 1553 187 1634 reqi
212 1573 349 1617 moerore
376 1556 405 1617 et
430 1553 577 1618 desidmo
605 1553 740 1634 defuncti
766 1556 936 1619 insanienti
952 1573 1137 1636 persuasum
1164 1557 1233 1616 tan

59 1643 128 1707 dem
153 1640 262 1725 fuerit,
289 1642 380 1705 deum
406 1660 467 1707 esse
494 1640 757 1723 Hephaestionem.
804 1642 870 1722 Quo
897 1644 1019 1725 quidem
1047 1647 1234 1722 temporem

59 1730 218 1812 copiarum
240 1730 367 1795 dridbus
388 1729 571 1812 Aqothocles
592 1728 721 1795 Samius
742 1731 786 1795 ad
805 1736 972 1796 extremum
988 1732 1122 1812 periculi
1143 1730 1233 1807 uenit,

59 1819 141 1901 quod
162 1818 250 1883 illius
273 1819 426 1883 tumulum
444 1820 634 1901 praeteriens
654 1820 868 1885 mlaeriucasse
884 1821 969 1885 mstis
986 1825 1067 1885 esset.
1104 1819 1153 1883 Ac
1170 1818 1234 1881 nisi

58 1907 223 1973 Perdiccas
253 1909 378 1972 emanti
408 1908 469 1972 sibi
495 1907 752 1990 Hephaestionem
783 1909 963 1991 adpomisse
994 1909 1154 1972 enuntitus
1174 1926 1233 1987 per

59 1998 129 2061 deos
150 2015 254 2060 omnes
276 1997 436 2078 rpsmuque
456 1996 712 2079 Hephaestionem
735 1998 910 2082 deurosset,
931 2017 969 2062 en
990 1998 1056 2079 ipso
1079 2016 1110 2062 se
1127 2015 1232 2079 coquo-

59 2086 148 2167 oisse,
180 2084 379 2166 Apothoclem
409 2106 473 2150 uon
503 2090 540 2150 ut
568 2091 723 2150 mortuum
755 2092 783 2151 et
811 2107 910 2151 uanae
935 2087 1108 2151 diuinitatis
1135 2084 1233 2149 titulis

57 2174 179 2254 frustra
207 2179 352 2238 ornatum
373 2174 503 2258 flevisse,
529 2194 634 2238 oerum
656 2175 692 2240 ob
714 2178 895 2240 memoriam
914 2176 1067 2257 pristinae
1088 2174 1232 2240 sodalem

59 2263 101 2327 tis
124 2263 269 2327 metuas
293 2282 356 2328 non
379 2264 521 2341 munisse,
540 2264 598 2327 ‘eir
618 2263 712 2343 fortis
733 2269 762 2329 et
783 2267 818 2329 cle
839 2285 907 2348 repe
929 2265 1000 2329 bene
1021 2266 1149 2328 meritus
1166 2263 1231 2344 pie·

60 2352 135 2416 tatis
156 2352 192 2415 in
213 2352 349 2416 amicum
368 2372 476 2434 proces
492 2371 612 2434 porum
632 2354 760 2419 inuenio
782 2354 880 2437 capite
896 2355 1096 2437 pependisset.

150 2437 288 2504 Ueterum
309 2445 345 2505 ut
360 2441 522 2523 paulisper
543 2462 565 2504 a
588 2442 671 2506 hictu
692 2449 831 2508 auocaret
851 2443 1006 2521 animum,
1035 2444 1071 2508 in
1093 2440 1231 2507 Gossaoo

59 2525 165 2613 rum4)
185 2533 303 2610 pentem
324 2530 544 2612 eupeditionem
566 2532 701 2613 suscepit.
742 2531 824 2614 loqu
846 2533 971 2597 Mediae
987 2533 1090 2596 uicina
1108 2529 1232 2596 Cossaei

60 2622 171 2700 tonan,
194 2637 337 2699 asperm
354 2624 384 2683 et
399 2638 468 2683 acre
483 2639 580 2702 qenus
597 2624 627 2684 et
640 2621 821 2700 praedando
838 2622 934 2685 uitam
953 2621 1081 2686 tolerare
1098 2620 1230 2685 solitum.

58 2706 110 2771 Ab
128 2705 176 2770 his
192 2705 361 2772 Persarum
378 2727 461 2789 reqes
479 2727 583 2773 annuo
602 2707 713 2772 tributo
725 2727 835 2790 pacem
847 2709 994 2773 redimere
1007 2710 1230 2784 consueuerant,

57 2817 97 2859 ne
123 2796 159 2859 in
184 2795 318 2860 subiecta
344 2797 532 2861 decurrentes
556 2795 701 2877 infestam
724 2796 895 2862 latrociniis
915 2793 1073 2880 reqionem'
1088 2799 1230 2879 saonem.

58 2885 146 2949 Nam
167 2886 230 2948 cim
248 2889 425 2968 temptantes
443 2885 557 2965 Persas
577 2885 669 2965 focile
685 2886 894 2968 reppulerant,
916 2888 1079 2968 asperitate
1097 2887 1230 2952 locorum

57 2973 186 3053 defmsi‚
223 2975 259 3037 in
289 2995 368 3056 quae
400 2995 431 3040 se
461 2973 656 3057 recipiebant,
692 2976 829 3059 quotiens
863 2976 962 3040 armis
997 2976 1229 3057 superabantur.

57 3062 159 3126 Iidem
186 3064 363 3128 muneribus
389 3064 555 3146 quotannis
574 3064 794 3147 placabantur,
825 3069 861 3129 ut
881 3066 946 3148 reqi
967 3064 1150 3144 Ecbatanis,
1177 3063 1231 3126 ubi

57 3152 173 3216 aestioa
203 3152 318 3217 solebat
347 3174 446 3237 apere,
478 3153 670 3236 Babplmum
700 3153 882 3236 remiqranti
912 3158 994 3218 tutus
1016 3174 1074 3235 per
1100 3173 1137 3217 ea
1165 3151 1230 3215 loca

59 3241 208 3305 transitus
230 3247 312 3306 esset.
352 3242 422 3308 Hos
443 3243 541 3325 iqitur
562 3241 741 3307 Alouander
763 3242 907 3324 bipartito
929 3239 1051 3323 aqmine
1069 3243 1230 3324 adquessns

57 3330 144 3394 intra
169 3330 379 3413 quadroqinta
404 3332 469 3395 dies
491 3331 673 3411 perdomuit.
719 3329 805 3393 Nam
832 3329 871 3394 ab
896 3330 962 3411 ipso
985 3350 1055 3412 reqo
1079 3335 1109 3394 et
1129 3329 1228 3393 Ptole-

57 3438 156 3497 maeo,
178 3419 233 3500 qui
248 3423 372 3501 partem
394 3419 541 3484 exercitu
563 3419 701 3502 ducebat,
724 3438 812 3501 saepe
834 3420 925 3496 caesi,
948 3422 985 3482 ut
1004 3420 1139 3500 captiuos
1157 3436 1229 3484 snos

56 3509 234 3589 recipermt,
263 3508 431 3589 permisere
461 3527 492 3572 se
522 3507 638 3572 uictori.
686 3507 747 3572 Ille
778 3507 899 3572 ualidos
930 3506 1019 3572 urbes
1050 3507 1230 3590 opportunis

57 3597 130 3660 locis
162 3598 263 3660 entrui
294 3598 398 3676 iussit,
430 3617 468 3661 ne
499 3597 626 3662 abdimo
658 3596 790 3661 enacim
812 3597 881 3676 sera
908 3616 984 3679 qens
1010 3596 1228 3662 oboedientiam

56 3690 184 3749 enueret.
220 3685 319 3750 Motis
340 3687 412 3752 inde
434 3686 557 3769 castris,
579 3691 615 3749 ut
634 3685 762 3751 militem
785 3685 971 3768 inpeditione
987 3687 1098 3751 reemti
1113 3686 1229 3766 fessum
1367 3722 1375 3729 ,.

55 3773 200 3854 reficeret,
233 3774 311 3839 lento
338 3777 461 3857 aqmine
487 3774 678 3857 Babplonem
699 3774 885 3858 procedebat.
935 3774 1066 3858 Iamque
1092 3775 1145 3838 oin
1172 3772 1227 3836 tri-
1361 3842 1364 3847 ,

52 3863 145 3945 pinta
171 3863 209 3927 ab
236 3863 309 3927 urbe
335 3865 445 3929 stadiis
470 3865 587 3947 aberat,
615 3885 684 3929 cnm
706 3863 866 3929 Nearchus
888 3866 1032 3947 occurrit,
1061 3883 1148 3944 quem
1170 3882 1228 3943 per
1362 3912 1365 3917 .

57 3949 212 4015 Oceanum
239 3955 268 4015 et
293 3952 467 4035 Hrplnotis
494 3955 572 4018 ostia
594 3952 785 4035 Babylonem
806 3955 1027 4035 praemiserat:
1055 3951 1227 4032 notatque,
1343 3972 1347 3977 ·

55 4061 94 4105 ne
114 4041 244 4120 fatalem
267 4042 326 4106 sibi
347 4041 452 4107 urbem
474 4041 560 4106 uellet
581 4043 707 4124 inqrmi.
746 4040 929 4126 Conpertum
952 4046 981 4106 et
1001 4041 1060 4106 sebi
1077 4061 1114 4105 eu
1134 4038 1227 4105 Olcal·
1370 4054 1373 4063 ·

127 4272 155 4336 4)
174 4268 403 4351 Cossaeorum.
441 4268 466 4322 S.
491 4270 562 4324 oben
586 4275 611 4325 4.
637 4275 677 4323 12.
703 4275 743 4325 10.
780 4269 873 4324 Ueber
898 4269 951 4323 den
975 4270 1034 4342 Zug
1056 4268 1227 4327 Alexanders

54 4355 146 4464 §siffis
158 4355 206 4465 ls÷e
221 4339 280 4466 ffif
291 4340 354 4394 dem
373 4339 530 4410 Rflekwoge
549 4357 602 4395 von
622 4340 767 4396 Ecbatana
783 4341 856 4395 noch
875 4340 1000 4410 Babylon
1019 4359 1039 4397 s.
1059 4345 1118 4398 Arc.
1140 4349 1162 4398 7.
1179 4276 1316 4512 161

962 4504 1015 4557 15*
